,AskPrice1,BidPrice1,InstrumentID,LastPrice,UpdateMillisec,UpdateTime
0,455.0,453.0,i1801,455.0,89,20:59:00
1,456.0,455.0,i1801,455.0,201,21:00:00
2,456.0,455.5,i1801,455.0,701,21:00:00
3,456.0,455.0,i1801,455.0,201,21:00:01
4,457.0,456.5,i1801,457.0,191,21:00:02
5,456.5,455.5,i1801,456.0,700,21:00:01
6,457.5,455.5,i1801,456.0,695,21:00:02
7,457.0,456.5,i1801,456.0,200,21:00:03
8,457.0,456.5,i1801,457.0,691,21:00:03
9,456.5,456.0,i1801,456.0,198,21:00:04
10,457.0,456.0,i1801,456.0,191,21:00:05
11,457.0,456.0,i1801,457.0,693,21:00:05
12,457.0,456.0,i1801,456.0,695,21:00:04
13,456.5,456.0,i1801,457.0,187,21:00:06
14,457.5,455.5,i1801,456.0,695,21:00:06
15,457.0,456.0,i1801,456.5,193,21:00:07
16,457.0,456.0,i1801,456.5,680,21:00:07
17,457.0,456.0,i1801,456.0,694,21:00:08
18,457.0,456.0,i1801,456.0,201,21:00:08
19,456.0,455.5,i1801,456.0,699,21:00:09
20,457.0,456.0,i1801,456.0,188,21:00:09
21,456.0,455.5,i1801,456.0,688,21:00:10
22,456.5,456.0,i1801,456.0,147,21:00:10
23,456.0,455.5,i1801,455.5,697,21:00:11
24,456.0,455.5,i1801,455.5,170,21:00:12
25,456.0,455.5,i1801,455.5,191,21:00:11
26,456.0,455.5,i1801,456.0,690,21:00:12
27,456.0,455.5,i1801,455.5,194,21:00:13
28,456.0,455.5,i1801,456.0,200,21:00:14
29,456.0,455.5,i1801,456.0,199,21:00:15
30,456.0,455.5,i1801,456.0,684,21:00:14
31,456.5,455.0,i1801,455.5,671,21:00:16
32,456.0,455.5,i1801,455.5,184,21:00:16
33,456.0,455.5,i1801,456.0,688,21:00:15
34,456.0,455.5,i1801,456.0,693,21:00:17
35,456.5,456.0,i1801,456.0,181,21:00:17
36,456.0,455.5,i1801,456.0,690,21:00:18
37,456.5,455.5,i1801,456.0,118,21:00:19
38,456.0,455.0,i1801,455.5,179,21:00:18
39,456.0,455.5,i1801,456.0,170,21:00:20
40,456.5,455.5,i1801,456.0,660,21:00:19
41,456.5,455.5,i1801,456.0,194,21:00:22
42,456.5,455.5,i1801,456.0,695,21:00:21
43,456.5,455.5,i1801,456.0,700,21:00:20
44,456.5,455.5,i1801,456.0,689,21:00:22
45,456.5,456.0,i1801,456.0,158,21:00:21
46,456.5,455.5,i1801,456.0,166,21:00:24
47,456.5,455.5,i1801,456.0,116,21:00:23
48,456.5,455.5,i1801,456.0,691,21:00:24
49,456.5,455.5,i1801,456.0,677,21:00:23
50,456.5,455.5,i1801,456.0,184,21:00:25
51,456.5,455.5,i1801,455.5,173,21:00:26
52,456.0,455.5,i1801,455.5,681,21:00:25
53,456.0,455.5,i1801,456.0,186,21:00:27
54,456.5,456.0,i1801,456.0,699,21:00:26
55,456.0,455.0,i1801,455.5,693,21:00:27
56,456.0,455.0,i1801,455.5,699,21:00:28
57,456.0,455.0,i1801,455.5,189,21:00:28
58,456.0,455.0,i1801,456.0,176,21:00:29
59,456.0,455.0,i1801,455.5,698,21:00:29
60,456.0,455.5,i1801,455.5,193,21:00:30
61,456.0,455.5,i1801,456.0,192,21:00:31
62,456.0,455.5,i1801,456.0,674,21:00:30
63,456.0,455.5,i1801,456.0,191,21:00:32
64,456.0,455.5,i1801,456.0,696,21:00:31
65,456.0,455.5,i1801,456.0,184,21:00:33
66,456.0,455.5,i1801,455.5,694,21:00:33
67,456.0,455.5,i1801,456.0,680,21:00:32
68,456.0,455.5,i1801,455.5,192,21:00:34
69,455.5,455.0,i1801,455.5,178,21:00:35
70,456.0,455.5,i1801,455.5,697,21:00:35
71,456.0,455.5,i1801,455.5,696,21:00:34
72,456.0,455.5,i1801,455.5,700,21:00:36
73,455.5,455.0,i1801,455.5,192,21:00:36
74,455.5,455.0,i1801,455.5,192,21:00:37
75,455.5,455.0,i1801,455.5,694,21:00:37
76,456.0,455.5,i1801,455.5,195,21:00:38
77,456.0,455.5,i1801,455.5,698,21:00:38
78,456.0,455.5,i1801,455.5,700,21:00:39
79,455.5,455.0,i1801,455.5,166,21:00:40
80,455.5,455.0,i1801,455.5,697,21:00:40
81,455.5,455.0,i1801,455.5,178,21:00:41
82,455.5,455.0,i1801,455.5,201,21:00:42
83,455.5,455.0,i1801,455.5,188,21:00:43
84,455.5,455.0,i1801,455.5,693,21:00:42
85,455.5,455.0,i1801,455.5,182,21:00:44
86,455.5,455.0,i1801,455.5,698,21:00:43
87,455.5,454.5,i1801,455.0,175,21:00:45
88,455.0,454.5,i1801,455.0,689,21:00:45
89,455.5,454.5,i1801,455.0,667,21:00:44
90,455.0,454.5,i1801,455.0,172,21:00:46
91,455.5,455.0,i1801,455.0,701,21:00:46
92,455.5,455.0,i1801,455.0,105,21:00:47
93,455.5,455.0,i1801,455.0,685,21:00:47
94,455.0,454.5,i1801,455.0,189,21:00:48
95,455.5,454.5,i1801,455.0,688,21:00:49
96,455.5,455.0,i1801,455.0,683,21:00:48
97,455.5,454.5,i1801,455.0,199,21:00:50
98,455.5,454.5,i1801,455.0,697,21:00:50
99,455.5,454.5,i1801,455.0,164,21:00:51
100,455.0,454.5,i1801,455.0,702,21:00:52
101,455.0,454.5,i1801,455.0,658,21:00:51
102,455.0,454.5,i1801,455.0,145,21:00:53
103,455.5,455.0,i1801,455.0,694,21:00:53
104,455.0,454.5,i1801,455.0,700,21:00:55
105,455.5,455.0,i1801,455.0,169,21:00:55
106,455.0,454.5,i1801,455.0,188,21:00:57
107,455.0,454.5,i1801,455.0,156,21:00:56
108,455.0,454.5,i1801,455.0,651,21:00:58
109,455.0,454.5,i1801,455.0,560,21:00:57
110,455.0,454.5,i1801,455.0,199,21:00:59
111,455.0,454.5,i1801,454.5,689,21:00:59
112,455.0,454.5,i1801,455.0,694,21:01:01
113,455.0,454.5,i1801,455.0,196,21:01:02
114,455.5,454.5,i1801,455.0,100,21:01:03
115,455.5,455.0,i1801,455.0,692,21:01:03
116,455.5,455.0,i1801,455.0,199,21:01:04
117,456.0,455.0,i1801,455.5,684,21:01:04
118,456.5,456.0,i1801,456.0,602,21:01:05
119,456.5,456.0,i1801,456.0,184,21:01:05
120,456.5,456.0,i1801,456.5,694,21:01:06
121,456.5,456.0,i1801,456.5,190,21:01:07
122,456.5,456.0,i1801,456.0,188,21:01:06
123,457.0,456.5,i1801,456.5,634,21:01:07
124,457.0,456.5,i1801,456.5,202,21:01:08
125,457.0,456.5,i1801,456.5,202,21:01:09
126,457.0,456.5,i1801,456.5,669,21:01:08
127,457.0,456.5,i1801,456.5,681,21:01:09
128,457.0,456.5,i1801,456.5,172,21:01:11
129,457.0,456.5,i1801,456.5,190,21:01:10
130,457.0,456.5,i1801,456.5,665,21:01:11
131,456.5,456.0,i1801,456.5,684,21:01:12
132,456.5,456.0,i1801,456.5,198,21:01:13
133,457.0,456.5,i1801,456.5,194,21:01:12
134,456.5,456.0,i1801,456.0,201,21:01:15
135,456.5,456.0,i1801,456.5,683,21:01:14
136,456.5,456.0,i1801,456.5,142,21:01:14
137,456.5,456.0,i1801,456.0,662,21:01:15
138,456.5,456.0,i1801,456.5,179,21:01:16
139,456.5,456.0,i1801,456.5,699,21:01:16
140,456.5,456.0,i1801,456.5,139,21:01:17
141,456.5,456.0,i1801,456.5,699,21:01:17
142,456.5,456.0,i1801,456.0,688,21:01:18
143,456.5,456.0,i1801,456.0,191,21:01:19
144,456.5,456.0,i1801,456.0,149,21:01:18
145,456.5,456.0,i1801,456.5,665,21:01:19
146,456.5,456.0,i1801,456.5,185,21:01:20
147,456.5,455.5,i1801,456.0,628,21:01:20
148,456.0,455.5,i1801,456.0,698,21:01:22
149,456.0,455.5,i1801,456.0,170,21:01:21
150,456.0,455.5,i1801,456.0,152,21:01:23
151,456.5,456.0,i1801,456.0,199,21:01:24
152,456.5,456.0,i1801,456.0,702,21:01:23
153,456.5,456.0,i1801,456.0,178,21:01:25
154,456.5,456.0,i1801,456.5,701,21:01:25
155,456.0,455.5,i1801,456.0,183,21:01:27
156,456.5,456.0,i1801,456.5,193,21:01:26
157,456.0,455.5,i1801,456.0,696,21:01:27
158,456.0,455.5,i1801,456.0,197,21:01:29
159,456.0,455.5,i1801,456.0,697,21:01:28
160,456.0,455.5,i1801,455.5,570,21:01:30
161,456.0,455.5,i1801,456.0,201,21:01:30
162,456.0,455.5,i1801,456.0,699,21:01:31
163,456.0,455.5,i1801,456.0,186,21:01:31
164,456.0,455.5,i1801,456.0,592,21:01:32
165,456.0,455.5,i1801,456.0,197,21:01:33
166,456.0,455.5,i1801,456.0,654,21:01:33
167,456.0,455.5,i1801,455.5,135,21:01:32
168,455.5,455.0,i1801,455.5,171,21:01:34
169,456.0,455.0,i1801,455.5,683,21:01:34
170,456.0,455.0,i1801,456.0,653,21:01:35
171,456.0,455.5,i1801,455.5,197,21:01:35
172,456.0,455.0,i1801,455.5,582,21:01:36
173,456.0,455.0,i1801,456.0,157,21:01:37
174,456.0,455.0,i1801,456.0,157,21:01:36
175,456.0,455.0,i1801,455.0,662,21:01:37
176,455.5,455.0,i1801,455.5,148,21:01:38
177,455.5,455.0,i1801,455.5,639,21:01:38
178,455.5,455.0,i1801,455.5,198,21:01:39
179,455.5,455.0,i1801,455.5,565,21:01:39
180,455.5,455.0,i1801,455.0,133,21:01:40
181,455.5,455.0,i1801,455.5,622,21:01:40
182,455.5,455.0,i1801,455.5,163,21:01:41
183,455.5,455.0,i1801,455.5,683,21:01:42
184,455.5,455.0,i1801,455.5,688,21:01:41
185,455.5,455.0,i1801,455.5,160,21:01:43
186,455.5,455.0,i1801,455.5,200,21:01:42
187,456.0,455.5,i1801,455.5,168,21:01:47
188,456.0,455.0,i1801,455.5,685,21:01:43
189,456.0,455.0,i1801,455.5,690,21:01:45
190,456.0,455.0,i1801,455.5,698,21:01:44
191,456.0,455.0,i1801,455.5,676,21:01:46
192,456.0,455.0,i1801,455.5,179,21:01:44
193,456.0,455.5,i1801,455.5,195,21:01:48
194,456.0,455.5,i1801,455.5,695,21:01:47
195,456.0,455.5,i1801,455.5,653,21:01:48
196,456.0,455.0,i1801,455.5,697,21:01:49
197,456.0,455.0,i1801,455.5,194,21:01:49
198,456.0,455.0,i1801,455.5,192,21:01:50
199,456.0,455.5,i1801,456.0,695,21:01:50
200,455.5,455.0,i1801,455.5,653,21:01:51
201,456.0,455.0,i1801,455.5,193,21:01:51
202,456.0,455.5,i1801,455.5,651,21:01:52
203,456.0,455.5,i1801,455.5,163,21:01:52
204,456.0,455.5,i1801,455.5,154,21:01:54
205,456.0,455.0,i1801,455.0,195,21:01:53
206,456.0,455.5,i1801,455.5,680,21:01:55
207,456.0,455.0,i1801,455.0,688,21:01:53
208,456.0,455.5,i1801,456.0,190,21:01:56
209,456.0,455.5,i1801,455.5,155,21:01:55
210,456.0,455.5,i1801,456.0,631,21:01:56
211,456.5,456.0,i1801,456.0,548,21:01:57
212,456.5,456.0,i1801,456.0,150,21:01:57
213,456.5,455.5,i1801,456.0,184,21:01:58
214,456.5,455.5,i1801,456.0,198,21:01:59
215,456.5,455.5,i1801,456.0,669,21:01:59
216,456.0,455.5,i1801,456.0,690,21:01:58
217,456.0,455.5,i1801,456.0,196,21:02:00
218,456.0,455.5,i1801,456.0,693,21:02:00
219,456.0,455.5,i1801,455.5,193,21:02:01
220,456.0,455.5,i1801,455.5,184,21:02:02
221,456.0,455.5,i1801,455.5,702,21:02:02
222,456.0,455.5,i1801,455.5,184,21:02:03
223,456.0,455.5,i1801,455.5,693,21:02:03
224,456.0,455.5,i1801,455.5,689,21:02:04
225,456.0,455.5,i1801,455.5,182,21:02:04
226,456.0,455.5,i1801,455.5,180,21:02:05
227,456.0,455.5,i1801,455.5,695,21:02:05
228,456.0,455.5,i1801,456.0,170,21:02:06
229,456.0,455.5,i1801,456.0,696,21:02:06
230,456.0,455.5,i1801,456.0,692,21:02:07
231,456.0,455.5,i1801,456.0,199,21:02:08
232,456.0,455.5,i1801,456.0,614,21:02:08
233,455.5,455.0,i1801,455.5,598,21:02:09
234,456.0,455.5,i1801,456.0,192,21:02:09
235,455.5,455.0,i1801,455.5,92,21:02:10
236,455.5,455.0,i1801,455.5,90,21:02:11
237,455.5,455.0,i1801,455.0,671,21:02:11
238,456.0,455.5,i1801,455.5,571,21:02:12
239,456.0,455.5,i1801,455.5,130,21:02:14
240,456.0,455.5,i1801,455.5,178,21:02:13
241,456.5,456.0,i1801,456.0,679,21:02:16
242,456.5,456.0,i1801,456.0,193,21:02:16
243,456.5,456.0,i1801,456.0,676,21:02:17
244,456.0,455.5,i1801,455.5,166,21:02:15
245,456.5,456.0,i1801,456.0,972,21:02:21
246,456.5,456.0,i1801,456.0,197,21:02:18
247,456.5,456.0,i1801,456.0,202,21:02:19
248,456.5,456.0,i1801,456.0,701,21:02:19
249,456.5,456.0,i1801,456.0,191,21:02:17
250,456.5,456.0,i1801,456.0,577,21:02:22
251,456.5,456.0,i1801,456.0,689,21:02:21
252,456.5,456.0,i1801,456.0,698,21:02:20
253,456.5,456.0,i1801,456.0,189,21:02:20
254,456.5,456.0,i1801,456.0,664,21:02:18
255,456.5,456.0,i1801,456.0,175,21:02:23
256,456.5,456.0,i1801,456.0,668,21:02:23
257,456.5,456.0,i1801,456.0,191,21:02:24
258,456.5,456.0,i1801,456.5,176,21:02:27
259,456.5,456.0,i1801,456.5,697,21:02:25
260,456.5,456.0,i1801,456.5,690,21:02:27
261,456.5,456.0,i1801,456.0,193,21:02:25
262,456.5,456.0,i1801,456.5,183,21:02:29
263,456.5,456.0,i1801,456.5,164,21:02:28
264,457.0,456.5,i1801,456.5,656,21:02:30
265,457.0,456.5,i1801,456.5,673,21:02:29
266,457.0,456.5,i1801,456.5,199,21:02:30
267,457.0,456.5,i1801,456.5,683,21:02:31
268,457.0,456.5,i1801,456.5,201,21:02:31
269,456.5,456.0,i1801,456.5,671,21:02:33
270,457.0,456.0,i1801,456.5,682,21:02:32
271,456.5,456.0,i1801,456.5,700,21:02:35
272,456.5,456.0,i1801,456.5,197,21:02:33
273,457.0,456.5,i1801,456.5,196,21:02:32
274,457.0,456.0,i1801,457.0,172,21:02:36
275,457.0,456.5,i1801,457.0,689,21:02:36
276,457.0,456.5,i1801,456.5,683,21:02:38
277,457.0,456.5,i1801,457.0,668,21:02:37
278,457.0,456.5,i1801,457.0,171,21:02:37
279,457.0,456.5,i1801,456.5,172,21:02:40
280,457.0,456.5,i1801,457.0,657,21:02:39
281,457.0,456.5,i1801,456.5,640,21:02:40
282,456.5,456.0,i1801,456.5,201,21:02:41
283,456.5,456.0,i1801,456.5,184,21:02:42
284,456.5,456.0,i1801,456.5,657,21:02:41
285,456.5,456.0,i1801,456.5,688,21:02:42
286,457.0,456.5,i1801,456.5,188,21:02:44
287,456.5,456.0,i1801,456.5,691,21:02:43
288,457.0,456.5,i1801,456.5,177,21:02:45
289,457.0,456.5,i1801,456.5,691,21:02:44
290,457.0,456.5,i1801,456.5,653,21:02:45
291,457.0,456.5,i1801,456.5,656,21:02:46
292,457.0,456.5,i1801,456.5,701,21:02:47
293,457.0,456.5,i1801,456.5,197,21:02:47
294,457.0,456.5,i1801,456.5,195,21:02:48
295,457.0,456.5,i1801,456.5,662,21:02:48
296,457.0,456.5,i1801,457.0,198,21:02:50
297,457.0,456.5,i1801,457.0,666,21:02:49
298,457.0,456.5,i1801,457.0,137,21:02:49
299,457.0,456.5,i1801,457.0,84,21:02:51
300,457.0,456.5,i1801,457.0,673,21:02:50
301,457.0,456.5,i1801,457.0,675,21:02:53
302,457.0,456.5,i1801,456.5,677,21:02:54
303,457.0,456.5,i1801,457.0,175,21:02:55
304,457.0,456.5,i1801,457.0,682,21:02:55
305,457.5,457.0,i1801,457.0,697,21:02:56
306,457.0,456.5,i1801,457.0,194,21:02:56
307,457.5,457.0,i1801,457.0,670,21:02:57
308,457.5,457.0,i1801,457.0,120,21:02:57
309,457.5,457.0,i1801,457.0,171,21:02:58
310,457.5,457.0,i1801,457.0,653,21:02:58
311,457.5,457.0,i1801,457.0,148,21:02:59
312,457.5,457.0,i1801,457.0,698,21:02:59
313,457.5,457.0,i1801,457.0,686,21:03:01
314,457.5,457.0,i1801,457.0,697,21:03:02
315,457.5,457.0,i1801,457.0,185,21:03:02
316,457.5,457.0,i1801,457.0,688,21:03:00
317,457.5,457.0,i1801,457.5,197,21:03:03
318,457.0,456.5,i1801,457.0,695,21:03:03
319,457.0,456.5,i1801,456.5,201,21:03:04
320,457.0,456.5,i1801,457.0,672,21:03:04
321,456.5,456.0,i1801,456.5,156,21:03:05
322,457.0,456.0,i1801,456.5,625,21:03:06
323,457.0,456.0,i1801,456.5,197,21:03:07
324,456.5,456.0,i1801,456.5,645,21:03:05
325,457.0,456.0,i1801,456.5,101,21:03:06
326,457.0,456.0,i1801,457.0,696,21:03:07
327,456.5,456.0,i1801,457.0,701,21:03:08
328,457.0,456.0,i1801,457.0,200,21:03:08
329,456.5,456.0,i1801,457.0,188,21:03:09
330,456.5,456.0,i1801,457.0,671,21:03:09
331,456.5,456.0,i1801,457.0,678,21:03:10
332,456.5,456.0,i1801,457.0,145,21:03:10
333,456.5,456.0,i1801,457.0,188,21:03:11
334,456.5,456.0,i1801,456.5,196,21:03:12
335,456.5,456.0,i1801,456.0,177,21:03:13
336,456.5,456.0,i1801,456.5,680,21:03:12
337,456.5,456.0,i1801,456.0,181,21:03:14
338,456.5,456.0,i1801,456.0,668,21:03:14
339,456.5,456.0,i1801,456.0,685,21:03:13
340,456.5,456.0,i1801,456.0,134,21:03:15
341,456.5,456.0,i1801,456.0,170,21:03:16
342,456.5,456.0,i1801,456.5,689,21:03:15
343,456.5,456.0,i1801,456.5,682,21:03:16
344,456.5,456.0,i1801,456.5,141,21:03:17
345,456.5,456.0,i1801,456.5,514,21:03:17
346,456.5,456.0,i1801,456.5,126,21:03:18
347,456.5,456.0,i1801,456.5,610,21:03:18
348,456.5,456.0,i1801,456.0,698,21:03:19
349,456.5,456.0,i1801,456.0,123,21:03:19
350,456.5,456.0,i1801,456.0,184,21:03:20
351,456.5,456.0,i1801,456.0,681,21:03:20
352,456.5,456.0,i1801,456.0,201,21:03:21
353,456.5,456.0,i1801,456.0,140,21:03:22
354,456.5,456.0,i1801,456.5,182,21:03:23
355,456.5,456.0,i1801,456.5,604,21:03:21
356,456.5,456.0,i1801,456.5,701,21:03:22
357,456.5,456.0,i1801,456.5,682,21:03:23
358,456.5,456.0,i1801,456.0,158,21:03:24
359,456.5,456.0,i1801,456.0,695,21:03:24
360,456.5,456.0,i1801,456.0,188,21:03:25
361,456.5,456.0,i1801,456.0,685,21:03:25
362,456.5,456.0,i1801,456.0,188,21:03:26
363,456.5,456.0,i1801,456.5,588,21:03:26
364,456.5,456.0,i1801,456.5,674,21:03:27
365,456.5,456.0,i1801,456.5,174,21:03:27
366,456.5,456.0,i1801,456.5,194,21:03:28
367,456.5,456.0,i1801,456.5,661,21:03:28
368,456.5,456.0,i1801,456.5,161,21:03:29
369,456.5,456.0,i1801,456.5,699,21:03:29
370,456.5,456.0,i1801,456.0,60,21:03:31
371,456.5,456.0,i1801,456.0,162,21:03:30
372,456.5,456.0,i1801,456.0,654,21:03:31
373,456.0,455.5,i1801,456.0,701,21:03:32
374,456.5,456.0,i1801,456.0,198,21:03:32
375,456.0,455.5,i1801,456.0,199,21:03:33
376,456.0,455.5,i1801,456.0,182,21:03:34
377,456.0,455.5,i1801,456.0,697,21:03:33
378,456.5,455.5,i1801,456.0,664,21:03:34
379,456.5,456.0,i1801,456.0,679,21:03:35
380,456.5,456.0,i1801,456.0,201,21:03:35
381,456.5,456.0,i1801,456.5,645,21:03:36
382,456.5,456.0,i1801,456.5,189,21:03:36
383,456.5,456.0,i1801,456.5,562,21:03:37
384,456.5,456.0,i1801,456.5,202,21:03:37
385,456.5,456.0,i1801,456.0,641,21:03:38
386,456.5,456.0,i1801,456.0,149,21:03:39
387,456.5,456.0,i1801,456.5,197,21:03:38
388,456.5,456.0,i1801,456.0,682,21:03:39
389,456.5,456.0,i1801,456.0,182,21:03:40
390,456.5,456.0,i1801,456.0,698,21:03:40
391,456.5,456.0,i1801,456.0,195,21:03:41
392,456.5,456.0,i1801,456.0,667,21:03:41
393,456.5,456.0,i1801,456.5,91,21:03:42
394,456.5,456.0,i1801,456.5,686,21:03:42
395,456.5,456.0,i1801,456.5,682,21:03:43
396,456.5,456.0,i1801,456.5,659,21:03:44
397,456.5,456.0,i1801,456.5,111,21:03:44
398,456.5,456.0,i1801,456.5,614,21:03:45
399,456.5,456.0,i1801,456.0,127,21:03:45
400,456.5,456.0,i1801,456.5,653,21:03:47
401,456.5,456.0,i1801,456.5,116,21:03:49
402,456.5,456.0,i1801,456.0,530,21:03:50
403,456.5,456.0,i1801,456.0,190,21:03:52
404,456.5,456.0,i1801,456.0,701,21:03:49
405,456.5,456.0,i1801,456.0,605,21:03:53
406,456.5,456.0,i1801,456.0,71,21:03:54
407,456.5,456.0,i1801,456.0,202,21:03:55
408,456.5,456.0,i1801,456.0,703,21:03:55
409,456.5,456.0,i1801,456.0,702,21:03:57
410,456.5,456.0,i1801,456.0,622,21:03:58
411,456.5,456.0,i1801,456.0,196,21:03:58
412,456.5,456.0,i1801,456.0,166,21:03:59
413,456.0,455.5,i1801,456.0,660,21:03:59
414,456.0,455.5,i1801,456.0,179,21:04:00
415,456.5,455.5,i1801,456.0,693,21:04:00
416,456.5,455.5,i1801,456.0,198,21:04:01
417,456.5,455.5,i1801,456.0,692,21:04:01
418,456.5,455.5,i1801,456.0,698,21:04:02
419,456.5,456.0,i1801,456.5,686,21:04:03
420,456.5,456.0,i1801,456.5,165,21:04:03
421,456.5,456.0,i1801,456.5,701,21:04:04
422,456.5,456.0,i1801,456.5,144,21:04:06
423,456.5,456.0,i1801,456.5,121,21:04:07
424,456.5,456.0,i1801,456.0,660,21:04:06
425,456.5,456.0,i1801,456.5,154,21:04:08
426,456.5,456.0,i1801,456.5,196,21:04:09
427,456.5,456.0,i1801,456.5,692,21:04:08
428,456.5,456.0,i1801,456.5,686,21:04:09
429,456.5,456.0,i1801,456.5,673,21:04:10
430,456.5,456.0,i1801,456.0,194,21:04:12
431,456.5,456.0,i1801,456.5,678,21:04:12
432,456.5,456.0,i1801,456.5,661,21:04:13
433,456.0,455.5,i1801,456.0,189,21:04:15
434,456.0,455.5,i1801,456.0,147,21:04:14
435,456.0,455.5,i1801,456.0,115,21:04:18
436,456.0,455.5,i1801,456.0,614,21:04:19
437,456.0,455.5,i1801,456.0,571,21:04:18
438,456.0,455.5,i1801,456.0,118,21:04:23
439,456.0,455.5,i1801,456.0,603,21:04:20
440,456.0,455.5,i1801,456.0,662,21:04:22
441,456.0,455.5,i1801,455.5,152,21:04:24
442,456.0,455.5,i1801,456.0,617,21:04:23
443,456.0,455.5,i1801,456.0,703,21:04:24
444,456.0,455.5,i1801,456.0,116,21:04:25
445,456.0,455.5,i1801,456.0,561,21:04:25
446,456.0,455.5,i1801,456.0,180,21:04:26
447,456.0,455.5,i1801,456.0,176,21:04:28
448,456.0,455.5,i1801,456.0,161,21:04:30
449,456.0,455.5,i1801,456.0,622,21:04:29
450,456.0,455.5,i1801,456.0,167,21:04:32
451,456.0,455.5,i1801,455.5,656,21:04:33
452,456.0,455.5,i1801,456.0,634,21:04:31
453,456.0,455.5,i1801,455.5,38,21:04:35
454,456.0,455.5,i1801,455.5,200,21:04:33
455,456.0,455.5,i1801,456.0,507,21:04:36
456,456.0,455.5,i1801,456.0,194,21:04:40
457,456.0,455.5,i1801,456.0,558,21:04:40
458,456.0,455.5,i1801,456.0,135,21:04:41
459,456.0,455.0,i1801,455.5,633,21:04:43
460,456.0,455.0,i1801,455.5,145,21:04:43
461,456.0,455.0,i1801,455.5,699,21:04:44
462,456.0,455.0,i1801,455.5,198,21:04:44
463,456.0,455.5,i1801,455.5,152,21:04:50
464,455.5,455.0,i1801,455.5,630,21:04:45
465,455.5,455.0,i1801,455.5,185,21:04:45
466,456.0,455.0,i1801,455.5,589,21:04:48
467,455.5,455.0,i1801,455.5,171,21:04:48
468,456.0,455.0,i1801,455.5,632,21:04:49
469,456.0,455.0,i1801,455.5,178,21:04:49
470,456.0,455.5,i1801,455.5,661,21:04:52
471,456.0,455.5,i1801,455.5,102,21:04:51
472,456.0,455.5,i1801,455.5,699,21:04:51
473,456.0,455.5,i1801,455.5,155,21:04:53
474,456.0,455.5,i1801,456.0,690,21:04:54
475,456.5,455.5,i1801,456.5,179,21:04:55
476,456.0,455.5,i1801,456.5,675,21:04:55
477,456.0,455.5,i1801,455.5,675,21:04:53
478,456.0,455.5,i1801,456.5,183,21:04:56
479,456.0,455.0,i1801,455.5,702,21:04:59
480,456.0,455.5,i1801,456.5,681,21:04:58
481,456.0,455.5,i1801,456.5,180,21:04:57
482,456.0,455.0,i1801,455.5,200,21:05:00
483,456.0,455.0,i1801,455.5,97,21:04:59
484,456.0,455.0,i1801,455.5,685,21:05:00
485,456.0,455.0,i1801,455.5,143,21:05:01
486,456.0,455.5,i1801,455.5,186,21:05:02
487,456.0,455.5,i1801,455.5,609,21:05:01
488,456.0,455.5,i1801,455.5,702,21:05:02
489,456.0,455.5,i1801,455.5,203,21:05:03
490,456.0,455.5,i1801,455.5,701,21:05:03
491,456.0,455.5,i1801,455.5,698,21:05:04
492,456.0,455.5,i1801,455.5,186,21:05:06
493,456.0,455.5,i1801,455.5,636,21:05:05
494,456.0,455.5,i1801,455.5,125,21:05:04
495,456.0,455.5,i1801,455.5,689,21:05:06
496,456.0,455.5,i1801,455.5,136,21:05:07
497,456.0,455.5,i1801,455.5,638,21:05:07
498,456.0,455.5,i1801,455.5,641,21:05:09
499,456.0,455.5,i1801,455.5,147,21:05:09
500,456.0,455.5,i1801,455.5,194,21:05:11
501,456.0,455.5,i1801,455.5,662,21:05:11
502,456.0,455.5,i1801,455.5,696,21:05:10
503,456.0,455.5,i1801,456.0,178,21:05:12
504,455.5,455.0,i1801,455.5,700,21:05:13
505,455.5,455.0,i1801,455.5,159,21:05:13
506,456.0,455.5,i1801,456.0,685,21:05:12
507,455.5,455.0,i1801,455.5,110,21:05:14
508,456.0,455.5,i1801,455.5,649,21:05:15
509,455.5,455.0,i1801,455.5,644,21:05:14
510,456.0,455.5,i1801,455.5,190,21:05:15
511,456.0,455.5,i1801,455.5,201,21:05:16
512,456.0,455.5,i1801,455.5,699,21:05:16
513,456.0,455.5,i1801,456.0,667,21:05:17
514,456.0,455.5,i1801,456.0,145,21:05:18
515,456.0,455.5,i1801,455.5,193,21:05:17
516,455.5,455.0,i1801,455.5,641,21:05:19
517,455.5,455.0,i1801,455.5,123,21:05:19
518,455.5,455.0,i1801,455.5,620,21:05:18
519,455.5,455.0,i1801,455.5,104,21:05:20
520,456.0,455.0,i1801,455.5,698,21:05:20
521,456.0,455.5,i1801,455.5,136,21:05:21
522,456.0,455.5,i1801,455.5,641,21:05:21
523,456.0,455.5,i1801,455.5,189,21:05:23
524,456.0,455.0,i1801,455.5,679,21:05:22
525,456.0,455.5,i1801,455.5,575,21:05:23
526,456.0,455.5,i1801,455.5,158,21:05:24
527,456.0,455.5,i1801,455.5,194,21:05:25
528,456.0,455.5,i1801,455.5,616,21:05:24
529,456.0,455.5,i1801,455.5,198,21:05:26
530,456.0,455.5,i1801,455.5,701,21:05:25
531,456.0,455.5,i1801,455.5,650,21:05:26
532,456.0,455.5,i1801,455.5,169,21:05:27
533,456.0,455.5,i1801,455.5,676,21:05:27
534,456.0,455.5,i1801,456.0,615,21:05:28
535,456.0,455.5,i1801,455.5,169,21:05:28
536,456.0,455.5,i1801,456.0,161,21:05:29
537,456.0,455.5,i1801,456.0,676,21:05:29
538,456.0,455.5,i1801,456.0,695,21:05:30
539,456.0,455.5,i1801,456.0,198,21:05:30
540,456.0,455.5,i1801,456.0,134,21:05:31
541,456.0,455.5,i1801,456.0,613,21:05:31
542,456.0,455.5,i1801,456.0,161,21:05:32
543,456.0,455.5,i1801,456.0,683,21:05:32
544,456.0,455.5,i1801,456.0,54,21:05:33
545,456.0,455.5,i1801,456.0,702,21:05:33
546,456.0,455.5,i1801,456.0,145,21:05:34
547,456.0,455.5,i1801,456.0,700,21:05:34
548,456.0,455.5,i1801,456.0,204,21:05:35
549,456.0,455.5,i1801,456.0,529,21:05:35
550,456.0,455.5,i1801,456.0,201,21:05:36
551,456.0,455.5,i1801,456.0,696,21:05:36
552,456.0,455.5,i1801,456.0,147,21:05:38
553,456.0,455.5,i1801,456.0,676,21:05:37
554,456.0,455.5,i1801,456.0,596,21:05:38
555,456.0,455.5,i1801,456.0,203,21:05:37
556,456.0,455.5,i1801,456.0,46,21:05:40
557,456.0,455.5,i1801,456.0,124,21:05:41
558,456.0,455.5,i1801,456.0,696,21:05:40
559,456.0,455.5,i1801,456.0,697,21:05:39
560,456.5,456.0,i1801,456.0,606,21:05:41
561,456.5,456.0,i1801,456.0,654,21:05:42
562,456.5,456.0,i1801,456.5,701,21:05:43
563,456.5,456.0,i1801,456.0,201,21:05:43
564,456.5,455.5,i1801,456.0,182,21:05:42
565,456.5,456.0,i1801,456.5,162,21:05:44
566,456.5,456.0,i1801,456.5,688,21:05:44
567,456.5,456.0,i1801,456.5,660,21:05:45
568,456.5,456.0,i1801,456.5,204,21:05:46
569,456.5,456.0,i1801,456.5,196,21:05:47
570,456.5,456.0,i1801,456.5,569,21:05:46
571,456.5,456.0,i1801,456.5,627,21:05:50
572,456.5,456.0,i1801,456.5,179,21:05:48
573,457.0,456.5,i1801,456.5,697,21:05:52
574,457.0,456.0,i1801,456.5,183,21:05:56
575,456.5,456.0,i1801,456.5,704,21:05:51
576,456.5,456.0,i1801,456.5,178,21:05:52
577,457.0,456.5,i1801,456.5,201,21:05:53
578,457.0,456.5,i1801,456.5,200,21:05:57
579,457.0,456.0,i1801,456.5,669,21:05:56
580,457.0,456.5,i1801,457.0,199,21:05:59
581,457.0,456.5,i1801,456.5,166,21:05:58
582,457.0,456.5,i1801,457.0,135,21:06:00
583,457.0,456.5,i1801,456.5,686,21:06:00
584,457.0,456.5,i1801,456.5,172,21:06:01
585,457.0,456.5,i1801,456.5,700,21:06:02
586,457.0,456.5,i1801,456.5,159,21:06:02
587,457.0,456.5,i1801,457.0,188,21:06:03
588,457.0,456.5,i1801,457.0,701,21:06:03
589,457.0,456.5,i1801,457.0,673,21:06:05
590,457.0,456.5,i1801,457.0,674,21:06:04
591,457.0,456.5,i1801,457.0,199,21:06:04
592,457.0,456.5,i1801,457.0,176,21:06:09
593,457.0,456.5,i1801,457.0,182,21:06:06
594,457.0,456.5,i1801,457.0,186,21:06:08
595,457.0,456.5,i1801,457.0,697,21:06:09
596,457.0,456.5,i1801,456.5,173,21:06:12
597,457.0,456.5,i1801,456.5,704,21:06:12
598,457.0,456.5,i1801,457.0,699,21:06:10
599,457.0,456.5,i1801,457.0,177,21:06:11
600,457.5,457.0,i1801,457.0,175,21:06:13
601,457.5,457.0,i1801,457.0,704,21:06:13
602,457.5,457.0,i1801,457.0,164,21:06:14
603,457.5,457.0,i1801,457.0,666,21:06:14
604,457.5,457.0,i1801,457.0,176,21:06:16
605,457.5,457.0,i1801,457.0,672,21:06:15
606,457.5,457.0,i1801,457.0,695,21:06:16
607,458.0,457.5,i1801,457.5,196,21:06:17
608,458.0,457.5,i1801,457.5,698,21:06:17
609,458.0,457.5,i1801,457.5,185,21:06:19
610,458.0,457.5,i1801,458.0,182,21:06:20
611,458.0,457.5,i1801,457.5,701,21:06:18
612,458.0,457.5,i1801,458.0,663,21:06:20
613,458.0,457.5,i1801,458.0,702,21:06:21
614,457.5,457.0,i1801,457.5,185,21:06:22
615,458.0,457.5,i1801,458.0,174,21:06:21
616,457.5,457.0,i1801,457.5,660,21:06:22
617,458.0,457.0,i1801,457.5,702,21:06:23
618,458.0,457.5,i1801,457.5,188,21:06:23
619,458.0,457.0,i1801,457.5,198,21:06:24
620,458.5,458.0,i1801,458.0,203,21:06:25
621,458.5,457.5,i1801,458.0,703,21:06:24
622,459.0,458.0,i1801,458.5,193,21:06:26
623,459.0,458.0,i1801,459.0,701,21:06:26
624,459.0,458.5,i1801,458.5,704,21:06:25
625,459.0,458.5,i1801,458.5,704,21:06:27
626,459.0,458.5,i1801,459.0,194,21:06:28
627,459.0,458.5,i1801,459.0,703,21:06:28
628,459.0,458.5,i1801,458.5,195,21:06:27
629,459.0,458.5,i1801,459.0,198,21:06:30
630,459.0,458.5,i1801,459.0,693,21:06:31
631,459.0,458.5,i1801,459.0,701,21:06:30
632,459.0,458.5,i1801,458.5,202,21:06:31
633,459.0,458.5,i1801,459.0,199,21:06:32
634,459.0,458.5,i1801,459.0,703,21:06:32
635,459.0,458.5,i1801,459.0,185,21:06:33
636,459.0,458.5,i1801,459.0,674,21:06:33
637,459.0,458.5,i1801,459.0,168,21:06:34
638,459.0,458.5,i1801,458.5,191,21:06:35
639,459.0,458.5,i1801,459.0,696,21:06:34
640,459.0,458.5,i1801,459.0,673,21:06:35
641,459.0,458.5,i1801,459.0,202,21:06:36
642,459.0,458.5,i1801,459.0,701,21:06:38
643,459.0,458.5,i1801,459.0,176,21:06:38
644,459.0,458.5,i1801,458.5,203,21:06:37
645,459.0,458.0,i1801,458.5,694,21:06:36
646,459.0,458.5,i1801,459.0,689,21:06:39
647,459.0,458.5,i1801,459.0,185,21:06:41
648,459.0,458.5,i1801,459.0,164,21:06:40
649,459.0,458.5,i1801,459.0,704,21:06:40
650,459.0,458.5,i1801,459.0,689,21:06:41
651,459.0,458.5,i1801,459.0,683,21:06:42
652,459.0,458.5,i1801,458.5,192,21:06:43
653,459.0,458.5,i1801,458.5,663,21:06:43
654,459.0,458.5,i1801,458.5,691,21:06:46
655,459.0,458.5,i1801,459.0,694,21:06:44
656,459.0,458.5,i1801,459.0,696,21:06:45
657,459.0,458.5,i1801,459.0,193,21:06:45
658,459.0,458.5,i1801,458.5,202,21:06:44
659,459.5,458.5,i1801,459.0,164,21:06:47
660,459.5,459.0,i1801,458.5,204,21:06:48
661,459.5,458.5,i1801,459.5,703,21:06:47
662,459.5,458.5,i1801,459.0,697,21:06:48
663,459.0,458.5,i1801,459.0,191,21:06:49
664,459.0,458.5,i1801,459.0,704,21:06:50
665,459.0,458.5,i1801,459.0,692,21:06:49
666,459.0,458.5,i1801,459.0,164,21:06:50
667,459.5,459.0,i1801,459.0,700,21:06:53
668,459.0,458.5,i1801,459.0,166,21:06:51
669,459.0,458.5,i1801,459.0,676,21:06:51
670,459.5,458.5,i1801,459.0,202,21:06:53
671,459.0,458.5,i1801,459.0,198,21:06:52
672,459.5,458.5,i1801,459.0,686,21:06:52
673,459.5,459.0,i1801,459.0,180,21:06:54
674,460.0,459.0,i1801,459.5,702,21:06:54
675,460.0,459.0,i1801,459.5,623,21:06:55
676,460.0,459.0,i1801,459.5,203,21:06:56
677,460.0,459.0,i1801,459.5,199,21:06:55
678,460.0,459.5,i1801,459.5,686,21:06:57
679,460.0,459.0,i1801,459.5,687,21:06:56
680,460.0,459.5,i1801,459.5,189,21:06:57
681,460.0,459.0,i1801,459.5,687,21:06:59
682,459.5,459.0,i1801,459.5,180,21:06:59
683,460.0,459.0,i1801,459.5,193,21:06:58
684,460.0,459.0,i1801,459.5,204,21:07:00
685,460.0,459.0,i1801,459.5,661,21:07:00
686,460.0,459.5,i1801,459.5,697,21:06:58
687,459.5,459.0,i1801,459.5,666,21:07:02
688,460.0,459.5,i1801,459.5,171,21:07:01
689,460.0,459.5,i1801,459.5,702,21:07:01
690,460.0,459.5,i1801,459.5,155,21:07:02
691,459.5,459.0,i1801,459.5,201,21:07:04
692,459.5,459.0,i1801,459.5,189,21:07:03
693,459.5,459.0,i1801,459.5,703,21:07:03
694,459.5,459.0,i1801,459.5,693,21:07:04
695,459.5,459.0,i1801,459.5,193,21:07:05
696,459.5,459.0,i1801,459.5,201,21:07:06
697,459.5,459.0,i1801,459.5,703,21:07:05
698,459.5,459.0,i1801,459.0,703,21:07:07
699,459.5,459.0,i1801,459.0,198,21:07:07
700,459.5,459.0,i1801,459.5,203,21:07:09
701,459.5,459.0,i1801,459.0,199,21:07:08
702,459.5,459.0,i1801,459.5,679,21:07:09
703,459.5,459.0,i1801,459.5,667,21:07:08
704,459.5,459.0,i1801,459.5,661,21:07:10
705,459.5,459.0,i1801,459.5,193,21:07:10
706,459.5,459.0,i1801,459.5,694,21:07:11
707,459.5,459.0,i1801,459.0,200,21:07:13
708,459.5,459.0,i1801,459.5,153,21:07:11
709,459.5,459.0,i1801,459.0,704,21:07:12
710,459.5,459.0,i1801,459.0,141,21:07:12
711,459.5,459.0,i1801,459.0,199,21:07:14
712,459.0,458.5,i1801,459.0,693,21:07:14
713,459.5,458.5,i1801,459.0,199,21:07:15
714,459.5,459.0,i1801,459.0,690,21:07:15
715,459.5,458.5,i1801,459.0,187,21:07:17
716,459.5,458.5,i1801,459.0,156,21:07:16
717,459.5,458.5,i1801,459.0,683,21:07:16
718,459.0,458.5,i1801,458.5,202,21:07:18
719,459.0,458.5,i1801,459.0,694,21:07:17
720,459.0,458.5,i1801,458.5,671,21:07:18
721,459.0,458.5,i1801,458.5,128,21:07:19
722,459.0,458.5,i1801,458.5,199,21:07:20
723,459.0,458.5,i1801,458.5,203,21:07:21
724,459.0,458.5,i1801,458.5,699,21:07:20
725,459.0,458.5,i1801,458.5,684,21:07:21
726,459.0,458.5,i1801,459.0,170,21:07:23
727,459.0,458.5,i1801,458.5,697,21:07:23
728,459.0,458.5,i1801,458.5,647,21:07:22
729,459.0,458.5,i1801,458.5,192,21:07:24
730,459.0,458.5,i1801,459.0,193,21:07:25
731,459.0,458.5,i1801,459.0,700,21:07:24
732,459.0,458.5,i1801,458.5,160,21:07:26
733,459.0,458.5,i1801,458.5,188,21:07:27
734,459.0,458.5,i1801,458.5,673,21:07:27
735,459.0,458.5,i1801,458.5,193,21:07:28
736,459.0,458.5,i1801,458.5,689,21:07:28
737,459.0,458.5,i1801,458.5,683,21:07:29
738,459.0,458.5,i1801,458.5,194,21:07:30
739,459.0,458.5,i1801,458.5,150,21:07:31
740,459.0,458.5,i1801,458.5,197,21:07:32
741,459.0,458.5,i1801,459.0,696,21:07:30
742,459.0,458.5,i1801,458.5,682,21:07:32
743,459.0,458.5,i1801,458.5,182,21:07:33
744,459.0,458.5,i1801,458.5,674,21:07:33
745,459.0,458.5,i1801,458.5,203,21:07:34
746,459.0,458.5,i1801,458.5,203,21:07:35
747,459.0,458.5,i1801,459.0,180,21:07:36
748,459.0,458.5,i1801,458.5,673,21:07:36
749,459.0,458.5,i1801,459.0,691,21:07:35
750,459.0,458.5,i1801,458.5,192,21:07:38
751,459.0,458.5,i1801,458.5,597,21:07:38
752,459.0,458.5,i1801,458.5,195,21:07:39
753,459.0,458.5,i1801,458.5,683,21:07:39
754,459.0,458.0,i1801,458.5,641,21:07:40
755,459.0,458.0,i1801,458.5,184,21:07:40
756,459.0,458.5,i1801,458.5,167,21:07:41
757,459.0,458.5,i1801,458.5,672,21:07:41
758,459.0,458.5,i1801,458.5,194,21:07:42
759,459.0,458.5,i1801,458.5,693,21:07:42
760,459.0,458.5,i1801,458.5,704,21:07:43
761,459.0,458.5,i1801,458.5,191,21:07:43
762,459.0,458.5,i1801,458.5,56,21:07:44
763,459.0,458.5,i1801,458.5,192,21:07:45
764,459.0,458.5,i1801,458.5,704,21:07:45
765,459.0,458.5,i1801,458.5,691,21:07:44
766,459.0,458.5,i1801,458.5,704,21:07:46
767,459.0,458.5,i1801,458.5,657,21:07:47
768,459.0,458.5,i1801,458.5,190,21:07:48
769,459.0,458.5,i1801,458.5,204,21:07:46
770,459.0,458.5,i1801,458.5,126,21:07:49
771,459.0,458.5,i1801,458.5,704,21:07:49
772,459.0,458.5,i1801,459.0,196,21:07:52
773,459.0,458.5,i1801,458.5,683,21:07:51
774,459.0,458.5,i1801,459.0,664,21:07:52
775,459.0,458.5,i1801,459.0,92,21:07:53
776,459.0,458.5,i1801,459.0,169,21:07:54
777,459.0,458.5,i1801,459.0,693,21:07:53
778,459.0,458.0,i1801,459.0,180,21:07:55
779,458.5,458.0,i1801,459.0,701,21:07:55
780,458.5,458.0,i1801,459.0,187,21:07:56
781,459.0,458.0,i1801,458.5,652,21:07:54
782,459.0,458.0,i1801,458.5,688,21:07:56
783,459.0,458.0,i1801,458.5,154,21:07:58
784,459.0,458.0,i1801,458.5,166,21:08:00
785,458.5,458.0,i1801,458.0,191,21:08:01
786,458.5,458.0,i1801,458.5,703,21:08:00
787,459.0,458.5,i1801,458.5,196,21:08:02
788,459.0,458.5,i1801,458.5,133,21:08:03
789,459.0,458.5,i1801,458.5,693,21:08:05
790,459.0,458.5,i1801,458.5,203,21:08:05
791,459.0,458.0,i1801,458.5,201,21:08:06
792,458.5,458.0,i1801,458.5,682,21:08:07
793,458.5,458.0,i1801,458.5,690,21:08:06
794,458.5,458.0,i1801,458.5,177,21:08:08
795,458.5,458.0,i1801,458.5,671,21:08:08
796,458.5,458.0,i1801,458.5,58,21:08:09
797,458.5,458.0,i1801,458.5,177,21:08:10
798,458.5,458.0,i1801,458.5,185,21:08:11
799,458.5,458.0,i1801,458.5,703,21:08:10
800,458.5,458.0,i1801,458.0,158,21:08:12
801,458.5,458.0,i1801,458.0,157,21:08:15
802,458.5,458.0,i1801,458.0,688,21:08:11
803,458.5,458.0,i1801,458.0,620,21:08:12
804,458.5,458.0,i1801,458.0,659,21:08:15
805,458.5,458.0,i1801,458.0,173,21:08:16
806,458.5,458.0,i1801,458.0,204,21:08:17
807,458.5,458.0,i1801,458.0,697,21:08:16
808,458.5,458.0,i1801,458.0,605,21:08:17
809,458.5,458.0,i1801,458.0,702,21:08:18
810,458.5,458.0,i1801,458.0,159,21:08:20
811,458.5,458.0,i1801,458.5,203,21:08:19
812,458.5,458.0,i1801,458.0,690,21:08:20
813,458.5,458.0,i1801,458.0,154,21:08:21
814,458.5,458.0,i1801,458.0,705,21:08:21
815,458.5,458.0,i1801,458.0,146,21:08:23
816,458.5,458.0,i1801,458.0,704,21:08:24
817,458.5,458.0,i1801,458.0,168,21:08:25
818,458.5,458.0,i1801,458.0,104,21:08:26
819,458.5,458.0,i1801,458.0,665,21:08:25
820,458.5,458.0,i1801,458.0,699,21:08:26
821,458.0,457.5,i1801,458.0,204,21:08:27
822,458.0,457.5,i1801,458.0,202,21:08:28
823,458.0,457.5,i1801,458.0,673,21:08:27
824,458.0,457.5,i1801,458.0,696,21:08:28
825,458.0,457.5,i1801,458.0,172,21:08:29
826,458.0,457.5,i1801,458.0,691,21:08:29
827,458.0,457.5,i1801,457.5,188,21:08:30
828,458.0,457.5,i1801,457.5,174,21:08:31
829,458.0,457.5,i1801,457.5,641,21:08:31
830,458.0,457.5,i1801,457.5,696,21:08:30
831,458.0,457.5,i1801,457.5,192,21:08:33
832,458.0,457.5,i1801,458.0,676,21:08:33
833,458.0,457.5,i1801,458.0,169,21:08:34
834,458.0,457.5,i1801,457.5,643,21:08:34
835,458.0,457.5,i1801,457.5,697,21:08:35
836,458.0,457.5,i1801,457.5,166,21:08:37
837,458.0,457.0,i1801,457.5,667,21:08:36
838,458.0,457.5,i1801,458.0,688,21:08:37
839,458.0,457.5,i1801,457.5,183,21:08:38
840,457.5,457.0,i1801,457.5,114,21:08:40
841,458.0,457.5,i1801,457.5,663,21:08:38
842,458.0,457.5,i1801,457.5,135,21:08:41
843,457.5,457.0,i1801,457.5,684,21:08:40
844,458.0,457.0,i1801,457.5,156,21:08:43
845,458.0,457.0,i1801,457.5,676,21:08:43
846,458.0,457.0,i1801,457.0,660,21:08:41
847,457.5,457.0,i1801,457.5,21,21:08:44
848,457.5,457.0,i1801,457.5,183,21:08:45
849,458.0,457.0,i1801,457.5,648,21:08:45
850,457.5,457.0,i1801,458.0,115,21:08:49
851,458.0,457.0,i1801,457.0,107,21:08:47
852,458.0,457.0,i1801,457.5,177,21:08:46
853,458.0,457.0,i1801,457.5,624,21:08:46
854,457.5,457.0,i1801,458.0,143,21:08:48
855,457.5,457.0,i1801,458.0,664,21:08:47
856,457.5,457.0,i1801,458.0,627,21:08:48
857,457.5,457.0,i1801,458.0,202,21:08:50
858,457.5,457.0,i1801,458.0,705,21:08:49
859,457.5,457.0,i1801,458.0,157,21:08:51
860,458.0,457.0,i1801,458.0,691,21:08:50
861,457.5,457.0,i1801,457.0,137,21:08:55
862,457.5,457.0,i1801,458.0,649,21:08:51
863,457.5,456.5,i1801,457.0,182,21:08:56
864,457.5,457.0,i1801,457.0,634,21:08:54
865,457.0,456.5,i1801,457.0,683,21:08:58
866,457.5,457.0,i1801,457.0,673,21:08:53
867,457.5,457.0,i1801,457.5,199,21:08:52
868,457.5,457.0,i1801,457.0,686,21:08:55
869,457.5,457.0,i1801,457.5,697,21:08:52
870,457.5,457.0,i1801,457.0,150,21:08:54
871,457.5,457.0,i1801,457.5,205,21:08:53
872,457.0,456.5,i1801,457.0,134,21:08:57
873,457.0,456.5,i1801,457.0,198,21:09:00
874,457.0,456.5,i1801,457.0,662,21:08:59
875,457.0,456.5,i1801,457.0,704,21:08:57
876,457.0,456.5,i1801,457.0,595,21:08:56
877,457.0,456.5,i1801,457.0,644,21:09:00
878,457.0,456.5,i1801,457.0,202,21:09:01
879,457.5,457.0,i1801,457.0,173,21:09:02
880,457.5,457.0,i1801,457.5,702,21:09:02
881,457.0,456.5,i1801,457.0,698,21:09:01
882,457.5,457.0,i1801,457.5,664,21:09:03
883,457.5,457.0,i1801,457.5,200,21:09:04
884,457.0,456.5,i1801,457.0,182,21:08:59
885,457.5,457.0,i1801,457.5,204,21:09:03
886,457.5,457.0,i1801,457.5,695,21:09:04
887,457.5,457.0,i1801,457.5,659,21:09:05
888,457.5,457.0,i1801,457.5,685,21:09:06
889,457.5,457.0,i1801,457.5,169,21:09:06
890,457.5,457.0,i1801,457.5,124,21:09:07
891,457.5,457.0,i1801,457.0,705,21:09:07
892,457.5,457.0,i1801,457.0,675,21:09:08
893,457.5,457.0,i1801,457.0,665,21:09:09
894,457.5,457.0,i1801,457.0,702,21:09:10
895,457.5,457.0,i1801,457.0,176,21:09:10
896,457.5,457.0,i1801,457.5,605,21:09:11
897,457.5,457.0,i1801,457.0,148,21:09:11
898,457.5,457.0,i1801,457.5,699,21:09:12
899,457.5,457.0,i1801,457.5,84,21:09:14
900,457.5,457.0,i1801,457.5,679,21:09:13
901,457.5,457.0,i1801,457.5,193,21:09:13
902,457.5,457.0,i1801,457.0,683,21:09:14
903,457.5,457.0,i1801,457.0,195,21:09:15
904,457.5,457.0,i1801,457.0,703,21:09:15
905,457.5,457.0,i1801,457.5,169,21:09:17
906,457.5,457.0,i1801,457.0,96,21:09:18
907,457.5,457.0,i1801,457.0,663,21:09:17
908,457.5,457.0,i1801,457.0,641,21:09:18
909,457.0,456.5,i1801,457.0,696,21:09:19
910,457.0,456.5,i1801,457.0,203,21:09:19
911,457.0,456.5,i1801,457.0,686,21:09:20
912,457.0,456.5,i1801,457.0,187,21:09:20
913,457.0,456.5,i1801,457.0,148,21:09:21
914,457.0,456.5,i1801,457.0,692,21:09:22
915,457.0,456.5,i1801,457.0,679,21:09:21
916,457.0,456.5,i1801,457.0,159,21:09:22
917,457.0,456.5,i1801,457.0,146,21:09:23
918,457.0,456.5,i1801,457.0,151,21:09:24
919,457.0,456.5,i1801,457.0,688,21:09:23
920,457.0,456.5,i1801,457.0,195,21:09:26
921,457.0,456.5,i1801,457.0,692,21:09:26
922,457.0,456.5,i1801,457.0,97,21:09:27
923,457.0,456.5,i1801,457.0,588,21:09:24
924,457.0,456.5,i1801,457.0,694,21:09:27
925,457.0,456.5,i1801,457.0,204,21:09:28
926,457.0,456.5,i1801,457.0,681,21:09:28
927,457.0,456.5,i1801,456.5,78,21:09:30
928,457.0,456.5,i1801,456.5,700,21:09:29
929,457.0,456.5,i1801,457.0,153,21:09:29
930,457.0,456.5,i1801,456.5,689,21:09:30
931,457.0,456.5,i1801,456.5,196,21:09:32
932,457.0,456.5,i1801,456.5,188,21:09:31
933,457.0,456.5,i1801,456.5,686,21:09:31
934,457.0,456.5,i1801,456.5,697,21:09:32
935,457.0,456.5,i1801,456.5,166,21:09:33
936,457.0,456.5,i1801,456.5,132,21:09:34
937,457.0,456.5,i1801,456.5,691,21:09:34
938,457.0,456.5,i1801,456.5,189,21:09:36
939,457.0,456.5,i1801,456.5,605,21:09:36
940,457.0,456.5,i1801,456.5,688,21:09:35
941,457.0,456.5,i1801,456.5,206,21:09:37
942,457.0,456.5,i1801,456.5,659,21:09:37
943,457.0,456.5,i1801,456.5,96,21:09:38
944,457.0,456.5,i1801,457.0,660,21:09:38
945,457.0,456.5,i1801,457.0,48,21:09:39
946,458.0,456.5,i1801,457.5,701,21:09:39
947,457.5,457.0,i1801,457.5,178,21:09:40
948,457.5,457.0,i1801,457.0,646,21:09:41
949,457.5,457.0,i1801,457.0,677,21:09:42
950,457.5,457.0,i1801,457.0,697,21:09:40
951,457.5,456.5,i1801,457.0,686,21:09:43
952,457.5,456.5,i1801,457.0,153,21:09:45
953,457.5,456.5,i1801,457.0,139,21:09:44
954,457.0,456.5,i1801,457.0,636,21:09:45
955,457.0,456.5,i1801,457.0,159,21:09:47
956,457.0,456.5,i1801,457.0,164,21:09:46
957,457.0,456.5,i1801,457.0,114,21:09:48
958,457.5,457.0,i1801,457.0,643,21:09:48
959,457.5,457.0,i1801,457.0,697,21:09:49
960,457.5,457.0,i1801,457.0,641,21:09:50
961,457.5,457.0,i1801,457.0,176,21:09:50
962,457.5,457.0,i1801,457.0,156,21:09:51
963,457.5,457.0,i1801,457.0,194,21:09:52
964,457.5,457.0,i1801,457.0,665,21:09:51
965,457.5,457.0,i1801,457.0,194,21:09:53
966,457.5,457.0,i1801,457.0,601,21:09:52
967,457.5,457.0,i1801,457.0,650,21:09:53
968,457.5,457.0,i1801,457.0,150,21:09:54
969,457.5,457.0,i1801,457.0,202,21:09:55
970,457.5,457.0,i1801,457.0,608,21:09:55
971,457.5,457.0,i1801,457.0,682,21:09:54
972,457.0,456.5,i1801,457.0,652,21:09:56
973,457.5,457.0,i1801,457.0,162,21:09:56
974,457.0,456.5,i1801,457.0,194,21:10:00
975,457.0,456.5,i1801,457.0,87,21:10:01
976,457.0,456.5,i1801,456.5,697,21:10:00
977,457.5,456.5,i1801,457.0,128,21:10:02
978,457.5,456.5,i1801,457.0,135,21:10:03
979,457.5,456.5,i1801,457.0,203,21:10:05
980,457.5,456.5,i1801,457.0,704,21:10:03
981,457.5,456.5,i1801,457.5,294,21:10:05
982,457.0,456.5,i1801,457.5,691,21:10:07
983,457.0,456.5,i1801,457.0,184,21:10:08
984,457.0,456.5,i1801,457.0,188,21:10:10
985,457.5,456.5,i1801,457.5,135,21:10:12
986,457.5,457.0,i1801,457.5,606,21:10:12
987,457.0,456.5,i1801,457.0,678,21:10:10
988,457.5,457.0,i1801,457.5,162,21:10:14
989,457.5,457.0,i1801,457.5,701,21:10:14
990,457.0,456.5,i1801,457.0,198,21:10:16
991,457.0,456.5,i1801,457.0,703,21:10:16
992,457.0,456.5,i1801,457.0,654,21:10:15
993,457.5,456.5,i1801,457.0,204,21:10:15
994,457.0,456.5,i1801,456.5,109,21:10:20
995,457.0,456.5,i1801,457.0,169,21:10:17
996,457.0,456.5,i1801,456.5,670,21:10:19
997,457.0,456.5,i1801,456.5,704,21:10:22
998,457.0,456.5,i1801,457.0,684,21:10:23
999,457.0,456.5,i1801,456.5,176,21:10:24
1000,457.0,456.5,i1801,456.5,167,21:10:25
1001,457.0,456.5,i1801,456.5,673,21:10:24
1002,457.0,456.5,i1801,457.0,152,21:10:23
1003,457.0,456.5,i1801,456.5,688,21:10:25
1004,457.0,456.5,i1801,456.5,702,21:10:26
1005,457.0,456.5,i1801,456.5,688,21:10:30
1006,456.5,456.0,i1801,456.5,203,21:10:30
1007,457.0,456.5,i1801,456.5,185,21:10:28
1008,457.0,456.0,i1801,456.5,607,21:10:31
1009,457.0,456.0,i1801,456.5,202,21:10:33
1010,457.0,456.5,i1801,456.5,596,21:10:32
1011,456.5,456.0,i1801,456.5,161,21:10:32
1012,456.5,456.0,i1801,456.0,194,21:10:36
1013,457.0,456.0,i1801,456.5,119,21:10:34
1014,456.5,456.0,i1801,456.0,686,21:10:35
1015,456.5,456.0,i1801,456.0,201,21:10:37
1016,457.0,456.0,i1801,457.0,668,21:10:33
1017,456.5,456.0,i1801,456.0,689,21:10:38
1018,456.5,456.0,i1801,456.0,704,21:10:36
1019,456.5,456.0,i1801,456.0,173,21:10:38
1020,456.5,456.0,i1801,456.0,205,21:10:40
1021,456.5,456.0,i1801,456.0,702,21:10:41
1022,456.5,456.0,i1801,456.0,198,21:10:43
1023,456.5,456.0,i1801,456.0,190,21:10:42
1024,456.5,455.5,i1801,456.0,700,21:10:43
1025,456.0,455.5,i1801,455.5,680,21:10:44
1026,456.5,455.5,i1801,456.0,206,21:10:44
1027,456.0,455.5,i1801,455.5,169,21:10:45
1028,456.0,455.5,i1801,456.0,694,21:10:45
1029,456.0,455.5,i1801,455.5,693,21:10:46
1030,456.0,455.5,i1801,455.5,189,21:10:47
1031,456.0,455.5,i1801,456.0,206,21:10:48
1032,456.0,455.5,i1801,456.0,189,21:10:50
1033,455.5,455.0,i1801,455.5,705,21:10:50
1034,455.5,455.0,i1801,455.5,196,21:10:51
1035,456.0,455.5,i1801,455.5,685,21:10:52
1036,456.0,455.5,i1801,455.5,206,21:10:52
1037,456.0,455.5,i1801,455.5,190,21:10:53
1038,456.0,455.5,i1801,455.5,627,21:10:53
1039,456.0,455.5,i1801,455.5,139,21:10:54
1040,455.5,455.0,i1801,455.5,701,21:10:54
1041,456.0,455.0,i1801,455.5,188,21:10:55
1042,456.0,455.0,i1801,455.5,682,21:10:55
1043,456.0,455.0,i1801,455.5,178,21:10:56
1044,456.0,455.0,i1801,455.5,703,21:10:56
1045,456.0,455.0,i1801,455.0,701,21:10:57
1046,456.0,455.0,i1801,455.0,199,21:10:58
1047,456.0,455.0,i1801,455.0,702,21:10:58
1048,456.0,455.0,i1801,455.0,136,21:10:59
1049,456.0,455.0,i1801,455.0,196,21:11:00
1050,456.0,455.0,i1801,455.0,701,21:10:59
1051,456.0,455.0,i1801,455.0,698,21:11:00
1052,456.0,455.5,i1801,455.0,192,21:11:01
1053,456.0,455.5,i1801,455.0,206,21:11:02
1054,456.0,455.5,i1801,455.5,587,21:11:02
1055,456.0,455.5,i1801,455.5,189,21:11:04
1056,456.0,455.5,i1801,455.5,704,21:11:04
1057,456.0,455.5,i1801,455.5,199,21:11:05
1058,456.0,455.5,i1801,455.5,662,21:11:06
1059,456.0,455.5,i1801,455.5,179,21:11:07
1060,456.0,455.5,i1801,455.5,200,21:11:09
1061,456.0,455.5,i1801,455.5,194,21:11:08
1062,456.0,455.5,i1801,455.5,700,21:11:10
1063,456.0,455.5,i1801,455.5,701,21:11:11
1064,456.0,455.5,i1801,455.5,204,21:11:13
1065,456.0,455.5,i1801,455.5,702,21:11:13
1066,456.0,455.5,i1801,455.5,86,21:11:14
1067,456.0,455.5,i1801,456.0,185,21:11:15
1068,456.0,455.5,i1801,456.0,670,21:11:15
1069,456.0,455.5,i1801,456.0,684,21:11:16
1070,456.0,455.5,i1801,456.0,191,21:11:17
1071,456.0,455.5,i1801,456.0,690,21:11:17
1072,456.5,456.0,i1801,456.0,198,21:11:18
1073,456.5,456.0,i1801,456.0,646,21:11:18
1074,456.0,455.5,i1801,456.0,616,21:11:19
1075,456.5,456.0,i1801,456.0,183,21:11:19
1076,456.0,455.5,i1801,456.0,192,21:11:20
1077,456.5,456.0,i1801,456.0,695,21:11:20
1078,456.5,456.0,i1801,456.0,171,21:11:22
1079,456.5,456.0,i1801,456.5,649,21:11:22
1080,456.0,455.5,i1801,456.0,200,21:11:23
1081,456.0,455.5,i1801,456.0,671,21:11:23
1082,456.0,455.5,i1801,456.0,673,21:11:24
1083,456.0,455.5,i1801,456.0,161,21:11:25
1084,456.0,455.5,i1801,456.0,141,21:11:24
1085,456.0,455.5,i1801,456.0,693,21:11:25
1086,456.0,455.5,i1801,456.0,173,21:11:26
1087,456.0,455.5,i1801,456.0,691,21:11:26
1088,456.0,455.5,i1801,456.0,173,21:11:27
1089,456.0,455.5,i1801,456.0,678,21:11:27
1090,456.0,455.5,i1801,456.0,206,21:11:28
1091,456.0,455.5,i1801,456.0,644,21:11:28
1092,456.5,456.0,i1801,456.0,185,21:11:29
1093,456.5,456.0,i1801,456.0,190,21:11:30
1094,456.5,456.0,i1801,456.0,704,21:11:30
1095,456.5,456.0,i1801,456.0,164,21:11:31
1096,456.5,456.0,i1801,456.0,700,21:11:29
1097,456.5,456.0,i1801,456.0,665,21:11:31
1098,456.5,456.0,i1801,456.0,189,21:11:32
1099,456.5,456.0,i1801,456.5,606,21:11:32
1100,456.5,456.0,i1801,456.5,630,21:11:33
1101,456.5,456.0,i1801,456.5,158,21:11:33
1102,456.5,456.0,i1801,456.5,183,21:11:34
1103,456.5,456.0,i1801,456.5,155,21:11:35
1104,456.5,456.0,i1801,456.5,638,21:11:34
1105,456.5,456.0,i1801,456.5,651,21:11:35
1106,456.5,456.0,i1801,456.5,191,21:11:36
1107,456.5,456.0,i1801,456.5,146,21:11:38
1108,456.5,456.0,i1801,456.5,691,21:11:40
1109,456.5,456.0,i1801,456.5,675,21:11:41
1110,456.5,456.0,i1801,456.5,680,21:11:43
1111,456.5,456.0,i1801,456.5,673,21:11:44
1112,456.5,456.0,i1801,456.5,623,21:11:45
1113,456.5,456.0,i1801,456.5,180,21:11:44
1114,456.5,456.0,i1801,456.5,197,21:11:47
1115,456.5,456.0,i1801,456.5,154,21:11:48
1116,456.5,456.0,i1801,456.5,675,21:11:49
1117,456.5,456.0,i1801,456.0,679,21:11:50
1118,456.5,456.0,i1801,456.5,685,21:11:51
1119,456.5,456.0,i1801,456.0,205,21:11:56
1120,456.5,456.0,i1801,456.0,628,21:11:56
1121,456.5,456.0,i1801,456.5,121,21:11:52
1122,456.5,456.0,i1801,456.0,668,21:11:57
1123,456.5,455.5,i1801,456.0,193,21:11:58
1124,456.0,455.5,i1801,456.0,698,21:11:58
1125,456.0,455.5,i1801,456.0,134,21:11:59
1126,456.0,455.5,i1801,456.0,627,21:11:59
1127,456.0,455.5,i1801,456.0,201,21:12:00
1128,456.0,455.5,i1801,456.0,194,21:12:01
1129,456.0,455.5,i1801,456.0,707,21:12:00
1130,456.0,455.5,i1801,456.0,699,21:12:01
1131,456.0,455.5,i1801,456.0,159,21:12:02
1132,456.0,455.5,i1801,456.0,696,21:12:03
1133,456.0,455.5,i1801,456.0,142,21:12:04
1134,456.0,455.5,i1801,456.0,631,21:12:05
1135,456.0,455.5,i1801,456.0,160,21:12:07
1136,456.0,455.5,i1801,456.0,191,21:12:08
1137,456.0,455.5,i1801,456.0,706,21:12:07
1138,456.0,455.5,i1801,456.0,707,21:12:08
1139,456.0,455.5,i1801,456.0,187,21:12:09
1140,456.0,455.5,i1801,455.5,153,21:12:11
1141,456.0,455.5,i1801,455.5,671,21:12:10
1142,456.0,455.5,i1801,455.5,668,21:12:11
1143,456.0,455.5,i1801,455.5,174,21:12:12
1144,455.5,455.0,i1801,455.5,583,21:12:13
1145,456.0,455.5,i1801,455.5,135,21:12:13
1146,455.5,455.0,i1801,455.5,25,21:12:14
1147,455.5,455.0,i1801,455.5,691,21:12:14
1148,455.5,455.0,i1801,455.5,173,21:12:15
1149,455.5,455.0,i1801,455.5,699,21:12:15
1150,455.5,455.0,i1801,455.5,587,21:12:16
1151,455.5,455.0,i1801,455.5,200,21:12:18
1152,455.5,455.0,i1801,455.5,705,21:12:18
1153,455.5,455.0,i1801,455.5,667,21:12:19
1154,455.5,455.0,i1801,455.5,184,21:12:19
1155,455.5,455.0,i1801,455.0,207,21:12:20
1156,455.0,454.5,i1801,454.5,197,21:12:21
1157,455.5,455.0,i1801,455.0,701,21:12:20
1158,455.0,454.5,i1801,454.5,704,21:12:21
1159,455.0,454.5,i1801,455.0,192,21:12:22
1160,455.0,454.5,i1801,455.0,658,21:12:22
1161,455.0,454.5,i1801,455.0,706,21:12:23
1162,455.0,454.5,i1801,455.0,196,21:12:25
1163,455.0,454.5,i1801,455.0,684,21:12:25
1164,455.0,454.5,i1801,455.0,182,21:12:26
1165,455.0,454.5,i1801,455.0,690,21:12:26
1166,455.0,454.5,i1801,454.5,200,21:12:27
1167,455.0,454.5,i1801,454.5,696,21:12:27
1168,455.0,454.5,i1801,455.0,189,21:12:28
1169,455.0,454.5,i1801,454.5,592,21:12:31
1170,455.0,454.5,i1801,454.5,694,21:12:32
1171,455.0,454.5,i1801,454.5,191,21:12:32
1172,455.0,454.5,i1801,454.5,205,21:12:33
1173,455.0,454.5,i1801,454.5,177,21:12:34
1174,455.0,454.5,i1801,454.5,705,21:12:34
1175,455.0,454.5,i1801,454.5,202,21:12:35
1176,455.0,454.5,i1801,454.5,671,21:12:35
1177,455.0,454.5,i1801,454.5,696,21:12:36
1178,455.0,454.5,i1801,454.5,191,21:12:37
1179,455.0,454.5,i1801,454.5,204,21:12:39
1180,455.0,454.5,i1801,454.5,676,21:12:38
1181,455.0,454.5,i1801,454.5,203,21:12:40
1182,455.0,454.5,i1801,454.5,689,21:12:41
1183,455.0,454.5,i1801,454.5,687,21:12:40
1184,455.5,455.0,i1801,455.0,649,21:12:42
1185,455.0,454.5,i1801,454.5,707,21:12:39
1186,455.5,455.0,i1801,455.0,175,21:12:43
1187,455.0,454.5,i1801,454.5,205,21:12:42
1188,455.5,455.0,i1801,455.5,701,21:12:43
1189,455.5,455.0,i1801,455.5,148,21:12:44
1190,455.5,455.0,i1801,455.5,705,21:12:44
1191,455.5,455.0,i1801,455.5,196,21:12:45
1192,455.5,455.0,i1801,455.0,703,21:12:45
1193,455.5,455.0,i1801,455.5,122,21:12:48
1194,456.0,455.5,i1801,455.5,186,21:12:49
1195,456.0,455.5,i1801,455.5,704,21:12:49
1196,455.5,455.0,i1801,455.0,691,21:12:47
1197,456.0,455.5,i1801,455.5,642,21:12:48
1198,456.0,455.5,i1801,455.5,162,21:12:50
1199,455.5,455.0,i1801,455.0,152,21:12:51
1200,455.5,455.0,i1801,455.0,173,21:12:52
1201,455.5,455.0,i1801,455.0,675,21:12:52
1202,455.5,455.0,i1801,455.0,685,21:12:51
1203,455.5,455.0,i1801,455.0,623,21:12:50
1204,455.5,455.0,i1801,455.0,150,21:12:53
1205,455.0,454.5,i1801,455.0,622,21:12:53
1206,455.0,454.5,i1801,455.0,642,21:12:54
1207,455.0,454.5,i1801,455.0,131,21:12:54
1208,455.0,454.5,i1801,455.0,80,21:12:56
1209,455.0,454.5,i1801,455.0,640,21:12:55
1210,455.0,454.5,i1801,455.0,125,21:12:55
1211,455.0,454.5,i1801,455.0,671,21:12:56
1212,455.0,454.5,i1801,455.0,176,21:12:58
1213,455.0,454.5,i1801,455.0,706,21:12:57
1214,455.0,454.5,i1801,455.0,144,21:12:57
1215,455.0,454.5,i1801,455.0,604,21:12:58
1216,455.0,454.5,i1801,455.0,117,21:12:59
1217,455.0,454.5,i1801,455.0,664,21:12:59
1218,455.0,454.5,i1801,455.0,180,21:13:00
1219,455.0,454.5,i1801,455.0,637,21:13:01
1220,455.0,454.5,i1801,455.0,73,21:13:01
1221,455.0,454.5,i1801,455.0,677,21:13:00
1222,455.0,454.5,i1801,455.0,196,21:13:02
1223,455.0,454.5,i1801,455.0,707,21:13:02
1224,455.0,454.5,i1801,455.0,141,21:13:03
1225,455.0,454.5,i1801,455.0,169,21:13:04
1226,455.0,454.5,i1801,455.0,674,21:13:04
1227,455.0,454.5,i1801,455.0,690,21:13:03
1228,455.0,454.5,i1801,455.0,687,21:13:05
1229,455.5,455.0,i1801,455.0,188,21:13:06
1230,455.5,455.0,i1801,455.5,691,21:13:06
1231,455.5,455.0,i1801,455.0,187,21:13:09
1232,455.5,455.0,i1801,455.5,165,21:13:08
1233,455.5,455.0,i1801,455.0,695,21:13:09
1234,455.5,455.0,i1801,455.5,680,21:13:08
1235,455.5,455.0,i1801,455.0,200,21:13:10
1236,455.5,455.0,i1801,455.0,703,21:13:10
1237,455.5,455.0,i1801,455.0,152,21:13:12
1238,455.5,455.0,i1801,455.0,150,21:13:13
1239,455.5,455.0,i1801,455.5,705,21:13:14
1240,455.5,455.0,i1801,455.0,158,21:13:14
1241,455.5,455.0,i1801,455.0,207,21:13:15
1242,455.5,455.0,i1801,455.0,685,21:13:15
1243,455.5,455.0,i1801,455.0,156,21:13:17
1244,455.5,455.0,i1801,455.5,703,21:13:18
1245,455.5,455.0,i1801,455.0,59,21:13:18
1246,455.5,455.0,i1801,455.5,685,21:13:20
1247,455.5,455.0,i1801,455.5,677,21:13:21
1248,455.5,455.0,i1801,455.5,184,21:13:30
1249,455.5,455.0,i1801,455.5,200,21:13:23
1250,455.5,455.0,i1801,455.5,191,21:13:27
1251,455.5,455.0,i1801,455.5,206,21:13:29
1252,455.5,455.0,i1801,455.5,172,21:13:24
1253,455.5,455.0,i1801,455.5,174,21:13:31
1254,455.5,455.0,i1801,455.5,622,21:13:31
1255,455.5,455.0,i1801,455.5,706,21:13:33
1256,455.5,455.0,i1801,455.5,683,21:13:32
1257,455.5,455.0,i1801,455.0,672,21:13:36
1258,455.5,455.0,i1801,455.5,177,21:13:33
1259,455.5,455.0,i1801,455.0,673,21:13:37
1260,455.5,455.0,i1801,455.0,77,21:13:40
1261,455.5,455.0,i1801,455.5,640,21:13:41
1262,455.5,455.0,i1801,455.0,506,21:13:38
1263,455.5,455.0,i1801,455.0,184,21:13:38
1264,455.5,455.0,i1801,455.0,196,21:13:39
1265,455.5,455.0,i1801,455.0,204,21:13:37
1266,455.5,455.0,i1801,455.5,196,21:13:36
1267,455.5,455.0,i1801,455.5,150,21:13:42
1268,455.5,455.0,i1801,455.5,621,21:13:42
1269,455.5,455.0,i1801,455.0,153,21:13:46
1270,455.5,455.0,i1801,455.0,184,21:13:44
1271,455.5,455.0,i1801,455.0,671,21:13:46
1272,455.5,455.0,i1801,455.5,571,21:13:49
1273,455.5,455.0,i1801,455.5,705,21:13:47
1274,455.5,455.0,i1801,455.5,196,21:13:49
1275,455.5,455.0,i1801,455.0,202,21:13:47
1276,455.5,455.0,i1801,455.5,681,21:13:51
1277,455.5,455.0,i1801,455.5,528,21:13:52
1278,455.0,454.5,i1801,455.0,702,21:13:53
1279,455.0,454.5,i1801,455.0,202,21:13:54
1280,455.0,454.5,i1801,455.0,700,21:13:54
1281,455.0,454.5,i1801,455.0,86,21:13:57
1282,455.0,454.5,i1801,455.0,132,21:13:55
1283,455.0,454.5,i1801,454.5,144,21:13:58
1284,455.0,454.5,i1801,455.0,690,21:13:57
1285,455.0,454.5,i1801,455.0,665,21:13:55
1286,455.0,454.5,i1801,454.5,149,21:14:00
1287,455.0,454.5,i1801,454.5,513,21:13:59
1288,455.5,455.0,i1801,454.5,681,21:14:00
1289,455.0,454.5,i1801,455.0,47,21:14:01
1290,455.0,454.5,i1801,455.0,659,21:14:01
1291,455.0,454.5,i1801,455.0,706,21:14:02
1292,455.0,454.5,i1801,455.0,488,21:14:03
1293,455.0,454.5,i1801,455.0,162,21:14:04
1294,455.0,454.5,i1801,455.0,162,21:14:03
1295,455.0,454.5,i1801,455.0,581,21:14:04
1296,455.0,454.5,i1801,455.0,575,21:14:05
1297,455.5,454.5,i1801,455.0,645,21:14:07
1298,455.0,454.5,i1801,455.0,138,21:14:06
1299,455.0,454.5,i1801,455.0,689,21:14:06
1300,455.5,454.5,i1801,455.0,708,21:14:08
1301,455.5,455.0,i1801,455.0,197,21:14:09
1302,455.5,454.5,i1801,455.0,44,21:14:08
1303,455.5,455.0,i1801,455.0,673,21:14:10
1304,455.5,454.5,i1801,455.0,186,21:14:11
1305,455.0,454.5,i1801,455.0,118,21:14:12
1306,455.0,454.5,i1801,455.0,689,21:14:11
1307,455.0,454.5,i1801,455.0,673,21:14:13
1308,455.5,455.0,i1801,455.0,111,21:14:10
1309,455.0,454.5,i1801,455.0,176,21:14:13
1310,455.0,454.5,i1801,455.0,649,21:14:12
1311,455.0,454.5,i1801,455.0,180,21:14:14
1312,455.0,454.5,i1801,455.0,671,21:14:14
1313,455.0,454.5,i1801,455.0,660,21:14:15
1314,455.0,454.5,i1801,455.0,992,21:14:15
1315,455.0,454.5,i1801,455.0,156,21:14:17
1316,455.0,454.5,i1801,455.0,692,21:14:16
1317,455.0,454.5,i1801,454.5,590,21:14:18
1318,455.0,454.5,i1801,455.0,197,21:14:15
1319,455.0,454.5,i1801,454.5,173,21:14:18
1320,455.0,454.5,i1801,454.5,568,21:14:19
1321,455.0,454.5,i1801,455.0,708,21:14:17
1322,455.0,454.5,i1801,454.5,707,21:14:20
1323,455.0,454.5,i1801,454.5,131,21:14:19
1324,455.0,454.5,i1801,454.5,162,21:14:21
1325,455.0,454.5,i1801,454.5,194,21:14:20
1326,455.0,454.5,i1801,454.5,207,21:14:22
1327,455.0,454.5,i1801,454.5,631,21:14:21
1328,455.0,454.5,i1801,454.5,658,21:14:22
1329,455.0,454.5,i1801,454.5,122,21:14:23
1330,455.0,454.5,i1801,454.5,197,21:14:25
1331,455.0,454.5,i1801,454.5,152,21:14:24
1332,455.0,454.5,i1801,454.5,692,21:14:24
1333,455.0,454.5,i1801,454.5,150,21:14:26
1334,455.0,454.5,i1801,454.5,677,21:14:25
1335,455.0,454.5,i1801,455.0,566,21:14:28
1336,455.0,454.5,i1801,454.5,600,21:14:26
1337,455.0,454.5,i1801,454.5,96,21:14:28
1338,455.0,454.5,i1801,454.5,642,21:14:29
1339,455.0,454.5,i1801,454.5,164,21:14:30
1340,455.0,454.5,i1801,455.0,104,21:14:31
1341,455.0,454.5,i1801,455.0,604,21:14:30
1342,455.0,454.5,i1801,455.0,151,21:14:32
1343,455.0,454.5,i1801,455.0,87,21:14:33
1344,455.0,454.5,i1801,455.0,676,21:14:32
1345,455.0,454.5,i1801,455.0,702,21:14:33
1346,455.0,454.5,i1801,455.0,174,21:14:34
1347,455.0,454.5,i1801,455.0,680,21:14:34
1348,455.0,454.5,i1801,455.0,182,21:14:35
1349,455.5,455.0,i1801,455.0,634,21:14:35
1350,455.5,455.0,i1801,455.0,207,21:14:37
1351,455.5,455.0,i1801,455.0,204,21:14:36
1352,455.5,455.0,i1801,455.0,113,21:14:38
1353,455.5,455.0,i1801,455.0,687,21:14:38
1354,455.5,455.0,i1801,455.0,698,21:14:39
1355,455.5,455.0,i1801,455.0,190,21:14:39
1356,455.5,455.0,i1801,455.0,113,21:14:41
1357,455.5,455.0,i1801,455.0,158,21:14:42
1358,455.5,455.0,i1801,455.0,182,21:14:43
1359,455.5,455.0,i1801,455.5,665,21:14:45
1360,455.5,455.0,i1801,455.0,665,21:14:43
1361,455.5,455.0,i1801,455.0,704,21:14:44
1362,455.5,455.0,i1801,455.5,154,21:14:45
1363,455.5,455.0,i1801,455.0,678,21:14:51
1364,455.5,455.0,i1801,455.5,99,21:14:48
1365,455.5,455.0,i1801,455.0,164,21:14:51
1366,455.5,455.0,i1801,455.0,196,21:14:49
1367,455.5,455.0,i1801,455.0,681,21:14:50
1368,455.5,455.0,i1801,455.0,176,21:14:52
1369,455.5,455.0,i1801,455.0,647,21:14:55
1370,455.5,455.0,i1801,455.0,664,21:14:52
1371,455.5,455.0,i1801,455.0,205,21:14:57
1372,455.5,455.0,i1801,455.0,654,21:14:54
1373,455.5,455.0,i1801,455.5,659,21:14:56
1374,455.5,455.0,i1801,455.0,186,21:14:55
1375,455.5,455.0,i1801,455.0,152,21:14:56
1376,455.5,455.0,i1801,455.0,675,21:14:57
1377,455.5,455.0,i1801,455.0,703,21:15:00
1378,455.5,455.0,i1801,455.0,204,21:14:59
1379,455.5,455.0,i1801,455.0,701,21:14:58
1380,455.5,455.0,i1801,455.0,683,21:14:59
1381,455.5,455.0,i1801,455.0,121,21:15:01
1382,455.5,455.0,i1801,455.0,196,21:15:02
1383,455.5,455.0,i1801,455.0,467,21:15:02
1384,455.5,455.0,i1801,455.0,194,21:15:04
1385,455.5,455.0,i1801,455.0,109,21:15:03
1386,455.5,455.0,i1801,455.0,625,21:15:04
1387,455.5,455.0,i1801,455.0,202,21:15:05
1388,455.5,455.0,i1801,455.0,667,21:15:07
1389,455.5,455.0,i1801,455.5,690,21:15:08
1390,455.5,455.0,i1801,455.5,157,21:15:09
1391,455.5,455.0,i1801,455.0,62,21:15:06
1392,455.5,455.0,i1801,455.0,189,21:15:07
1393,455.5,455.0,i1801,455.0,552,21:15:10
1394,455.5,455.0,i1801,455.0,184,21:15:11
1395,455.5,455.0,i1801,455.0,688,21:15:11
1396,455.5,455.0,i1801,455.0,698,21:15:12
1397,455.5,455.0,i1801,455.0,189,21:15:12
1398,455.5,455.0,i1801,455.0,151,21:15:14
1399,455.5,455.0,i1801,455.0,704,21:15:14
1400,455.5,455.0,i1801,455.0,136,21:15:13
1401,455.5,455.0,i1801,455.0,658,21:15:16
1402,455.5,455.0,i1801,455.0,607,21:15:17
1403,455.5,455.0,i1801,455.0,193,21:15:18
1404,455.5,455.0,i1801,455.0,693,21:15:18
1405,455.5,455.0,i1801,455.0,179,21:15:20
1406,455.5,455.0,i1801,455.0,654,21:15:20
1407,455.5,455.0,i1801,455.0,12,21:15:19
1408,455.5,455.0,i1801,455.0,676,21:15:19
1409,455.5,455.0,i1801,455.0,184,21:15:21
1410,455.5,455.0,i1801,455.0,692,21:15:21
1411,455.5,455.0,i1801,455.5,45,21:15:23
1412,455.5,455.0,i1801,455.0,199,21:15:22
1413,455.5,455.0,i1801,455.5,608,21:15:23
1414,455.5,455.0,i1801,455.5,653,21:15:24
1415,455.5,455.0,i1801,455.5,194,21:15:25
1416,455.5,455.0,i1801,455.5,136,21:15:26
1417,455.5,455.0,i1801,455.5,637,21:15:26
1418,455.5,455.0,i1801,455.5,132,21:15:27
1419,455.5,455.0,i1801,455.5,685,21:15:28
1420,455.5,455.0,i1801,455.5,148,21:15:29
1421,455.5,455.0,i1801,455.5,603,21:15:29
1422,455.5,455.0,i1801,455.5,612,21:15:30
1423,455.5,455.0,i1801,455.5,193,21:15:32
1424,455.5,455.0,i1801,455.5,172,21:15:34
1425,455.5,455.0,i1801,455.5,673,21:15:34
1426,455.5,455.0,i1801,455.5,148,21:15:35
1427,455.5,455.0,i1801,455.0,678,21:15:35
1428,455.0,454.5,i1801,455.0,677,21:15:36
1429,455.0,454.5,i1801,455.0,147,21:15:36
1430,455.5,454.5,i1801,455.0,110,21:15:37
1431,455.0,454.5,i1801,455.0,704,21:15:37
1432,455.0,454.5,i1801,455.0,64,21:15:39
1433,455.5,455.0,i1801,455.0,132,21:15:42
1434,455.0,454.5,i1801,455.0,680,21:15:43
1435,455.5,455.0,i1801,455.5,189,21:15:41
1436,455.5,455.0,i1801,455.0,667,21:15:41
1437,455.0,454.5,i1801,455.0,647,21:15:44
1438,455.5,454.5,i1801,455.0,192,21:15:44
1439,455.0,454.5,i1801,455.0,140,21:15:45
1440,455.0,454.5,i1801,455.0,658,21:15:45
1441,455.0,454.5,i1801,455.0,144,21:15:46
1442,455.0,454.5,i1801,455.0,160,21:15:47
1443,455.0,454.5,i1801,455.0,611,21:15:47
1444,455.0,454.5,i1801,455.0,599,21:15:49
1445,455.0,454.5,i1801,455.0,681,21:15:48
1446,455.0,454.5,i1801,455.0,197,21:15:50
1447,455.0,454.5,i1801,455.0,673,21:15:50
1448,455.0,454.5,i1801,454.5,699,21:15:51
1449,455.0,454.5,i1801,455.0,164,21:15:53
1450,455.0,454.5,i1801,455.0,683,21:15:53
1451,455.0,454.5,i1801,455.0,147,21:15:56
1452,455.0,454.5,i1801,455.0,143,21:15:57
1453,455.0,454.5,i1801,455.0,666,21:15:57
1454,455.0,454.5,i1801,455.0,161,21:15:58
1455,455.0,454.5,i1801,455.0,471,21:15:58
1456,455.0,454.5,i1801,455.0,171,21:15:59
1457,455.0,454.5,i1801,455.0,663,21:15:59
1458,455.0,454.5,i1801,454.5,91,21:16:01
1459,455.0,454.5,i1801,454.5,643,21:16:01
1460,455.0,454.5,i1801,454.5,702,21:16:02
1461,455.0,454.5,i1801,454.5,707,21:16:03
1462,455.0,454.5,i1801,454.5,202,21:16:02
1463,454.5,454.0,i1801,454.5,182,21:16:04
1464,454.5,454.0,i1801,455.0,660,21:16:04
1465,454.5,454.0,i1801,454.0,185,21:16:05
1466,454.5,454.0,i1801,454.0,673,21:16:05
1467,454.5,454.0,i1801,454.0,154,21:16:07
1468,454.5,454.0,i1801,454.0,154,21:16:06
1469,454.5,454.0,i1801,454.0,656,21:16:07
1470,454.5,454.0,i1801,454.0,194,21:16:08
1471,454.5,454.0,i1801,454.0,698,21:16:09
1472,454.5,454.0,i1801,454.0,696,21:16:08
1473,454.5,454.0,i1801,454.5,206,21:16:10
1474,454.5,454.0,i1801,454.5,691,21:16:10
1475,454.5,454.0,i1801,454.5,192,21:16:11
1476,454.5,454.0,i1801,454.5,688,21:16:11
1477,454.5,454.0,i1801,454.0,178,21:16:13
1478,454.5,454.0,i1801,454.0,177,21:16:14
1479,454.5,454.0,i1801,454.0,672,21:16:13
1480,454.5,454.0,i1801,454.0,190,21:16:15
1481,454.5,454.0,i1801,454.0,624,21:16:14
1482,454.5,454.0,i1801,454.5,668,21:16:15
1483,454.5,454.0,i1801,454.5,165,21:16:16
1484,454.5,454.0,i1801,454.0,166,21:16:17
1485,454.5,454.0,i1801,454.0,692,21:16:16
1486,455.0,454.0,i1801,454.0,152,21:16:18
1487,455.0,454.0,i1801,454.0,661,21:16:17
1488,455.0,454.0,i1801,454.0,699,21:16:18
1489,455.0,454.0,i1801,454.0,200,21:16:19
1490,455.0,454.0,i1801,454.0,665,21:16:19
1491,454.5,454.0,i1801,454.0,189,21:16:20
1492,455.0,454.0,i1801,454.5,654,21:16:20
1493,455.0,454.0,i1801,454.0,195,21:16:22
1494,455.0,454.0,i1801,454.5,187,21:16:21
1495,455.0,454.0,i1801,454.0,709,21:16:21
1496,455.0,454.0,i1801,454.0,679,21:16:22
1497,455.0,454.0,i1801,454.0,692,21:16:23
1498,455.0,454.0,i1801,454.0,698,21:16:24
1499,454.5,454.0,i1801,454.0,70,21:16:26
1500,454.5,454.0,i1801,454.0,137,21:16:25
1501,454.5,454.0,i1801,454.0,677,21:16:25
1502,454.5,454.0,i1801,454.0,701,21:16:26
1503,454.5,454.0,i1801,454.0,197,21:16:27
1504,454.5,454.0,i1801,454.0,105,21:16:28
1505,454.5,454.0,i1801,454.0,693,21:16:27
1506,454.5,454.0,i1801,454.5,675,21:16:28
1507,454.5,454.0,i1801,454.5,665,21:16:29
1508,454.5,454.0,i1801,454.5,169,21:16:29
1509,454.5,454.0,i1801,454.5,168,21:16:30
1510,454.5,454.0,i1801,454.5,703,21:16:30
1511,454.5,454.0,i1801,454.0,206,21:16:32
1512,454.5,454.0,i1801,454.0,650,21:16:32
1513,454.5,454.0,i1801,454.0,174,21:16:33
1514,454.5,454.0,i1801,454.0,208,21:16:34
1515,454.5,454.0,i1801,454.0,622,21:16:33
1516,454.5,454.0,i1801,454.0,707,21:16:34
1517,454.5,454.0,i1801,454.0,195,21:16:35
1518,454.5,454.0,i1801,454.0,709,21:16:35
1519,454.5,454.0,i1801,454.0,171,21:16:36
1520,454.5,454.0,i1801,454.0,657,21:16:36
1521,454.5,454.0,i1801,454.5,159,21:16:37
1522,454.5,454.0,i1801,454.0,195,21:16:38
1523,454.5,454.0,i1801,454.0,675,21:16:38
1524,454.5,454.0,i1801,454.0,137,21:16:40
1525,454.5,454.0,i1801,454.0,696,21:16:40
1526,454.5,454.0,i1801,454.0,137,21:16:41
1527,454.5,454.0,i1801,454.0,690,21:16:41
1528,454.5,454.0,i1801,454.0,129,21:16:44
1529,454.5,454.0,i1801,454.0,703,21:16:43
1530,454.5,454.0,i1801,454.0,203,21:16:43
1531,454.0,453.5,i1801,454.0,692,21:16:44
1532,454.0,453.5,i1801,454.0,686,21:16:45
1533,454.0,453.5,i1801,454.0,209,21:16:45
1534,454.0,453.5,i1801,454.0,191,21:16:46
1535,454.0,453.5,i1801,453.5,187,21:16:47
1536,454.0,453.5,i1801,453.5,688,21:16:47
1537,454.0,453.5,i1801,453.5,617,21:16:46
1538,454.0,453.5,i1801,453.5,208,21:16:48
1539,454.0,453.5,i1801,453.5,209,21:16:49
1540,454.0,453.5,i1801,453.5,695,21:16:48
1541,454.0,453.5,i1801,453.5,204,21:16:51
1542,454.0,453.5,i1801,453.5,702,21:16:50
1543,454.0,453.5,i1801,453.5,685,21:16:52
1544,454.0,453.5,i1801,453.5,183,21:16:53
1545,454.0,453.5,i1801,453.5,697,21:16:54
1546,454.0,453.5,i1801,453.5,202,21:16:54
1547,453.5,453.0,i1801,453.5,683,21:16:55
1548,454.0,453.5,i1801,453.5,168,21:16:55
1549,453.5,453.0,i1801,453.5,200,21:16:56
1550,453.5,453.0,i1801,453.5,709,21:16:56
1551,453.5,453.0,i1801,453.5,186,21:16:57
1552,453.5,453.0,i1801,453.5,192,21:16:58
1553,453.5,453.0,i1801,453.0,206,21:17:00
1554,453.5,453.0,i1801,453.0,703,21:16:59
1555,453.5,453.0,i1801,453.5,199,21:16:59
1556,453.5,452.5,i1801,453.0,702,21:17:00
1557,453.0,452.5,i1801,453.0,196,21:17:01
1558,453.0,452.5,i1801,453.0,693,21:17:01
1559,453.0,452.5,i1801,453.0,205,21:17:02
1560,453.0,452.5,i1801,453.0,698,21:17:02
1561,453.0,452.5,i1801,453.0,681,21:17:03
1562,453.0,452.5,i1801,453.0,204,21:17:03
1563,453.5,453.0,i1801,453.0,198,21:17:04
1564,453.5,453.0,i1801,453.0,185,21:17:05
1565,453.5,453.0,i1801,453.5,703,21:17:04
1566,453.5,453.0,i1801,453.0,207,21:17:06
1567,453.5,453.0,i1801,453.0,671,21:17:05
1568,453.5,453.0,i1801,453.0,696,21:17:06
1569,453.5,453.0,i1801,453.0,209,21:17:07
1570,453.5,453.0,i1801,453.0,698,21:17:07
1571,453.5,453.0,i1801,453.5,196,21:17:08
1572,453.5,453.0,i1801,453.0,709,21:17:08
1573,453.5,453.0,i1801,453.5,182,21:17:09
1574,454.0,453.5,i1801,453.5,699,21:17:09
1575,454.0,453.0,i1801,453.5,706,21:17:10
1576,454.0,453.5,i1801,453.5,200,21:17:12
1577,454.0,453.5,i1801,453.5,582,21:17:12
1578,454.0,453.5,i1801,453.5,138,21:17:11
1579,454.0,453.5,i1801,453.5,176,21:17:13
1580,454.0,453.5,i1801,453.5,709,21:17:13
1581,454.0,453.5,i1801,453.5,118,21:17:14
1582,454.0,453.5,i1801,453.5,677,21:17:14
1583,454.0,453.0,i1801,454.0,201,21:17:17
1584,454.0,453.0,i1801,454.0,184,21:17:16
1585,454.0,453.0,i1801,454.0,707,21:17:16
1586,454.0,453.5,i1801,453.5,581,21:17:15
1587,454.0,453.5,i1801,454.0,686,21:17:17
1588,454.0,453.5,i1801,454.0,698,21:17:18
1589,454.0,453.5,i1801,454.0,209,21:17:18
1590,454.0,453.5,i1801,454.0,196,21:17:19
1591,454.0,453.5,i1801,454.0,668,21:17:19
1592,454.0,453.5,i1801,454.0,149,21:17:21
1593,454.0,453.5,i1801,454.0,707,21:17:21
1594,454.0,453.5,i1801,453.5,698,21:17:23
1595,454.0,453.5,i1801,453.5,159,21:17:24
1596,454.0,453.5,i1801,453.5,687,21:17:24
1597,454.0,453.5,i1801,454.0,104,21:17:25
1598,454.0,453.5,i1801,454.0,709,21:17:25
1599,454.0,453.5,i1801,454.0,182,21:17:26
1600,454.0,453.5,i1801,454.0,155,21:17:27
1601,454.0,453.5,i1801,454.0,696,21:17:27
1602,454.0,453.5,i1801,454.0,188,21:17:28
1603,454.0,453.5,i1801,454.0,701,21:17:31
1604,454.0,453.5,i1801,454.0,203,21:17:32
1605,454.0,453.5,i1801,454.0,201,21:17:33
1606,454.0,453.5,i1801,454.0,453,21:17:35
1607,454.0,453.5,i1801,453.5,139,21:17:36
1608,454.0,453.5,i1801,453.5,662,21:17:36
1609,454.0,453.5,i1801,454.0,645,21:17:34
1610,454.0,453.0,i1801,453.5,184,21:17:37
1611,453.5,453.0,i1801,453.5,691,21:17:37
1612,453.5,453.0,i1801,453.5,176,21:17:38
1613,453.5,453.0,i1801,453.5,688,21:17:38
1614,453.5,453.0,i1801,453.5,177,21:17:40
1615,453.5,453.0,i1801,453.5,708,21:17:40
1616,453.5,453.0,i1801,453.5,84,21:17:39
1617,454.0,453.5,i1801,453.5,184,21:17:41
1618,454.0,453.5,i1801,453.5,661,21:17:42
1619,454.0,453.5,i1801,453.5,635,21:17:43
1620,454.0,453.5,i1801,453.5,197,21:17:42
1621,454.0,453.5,i1801,453.5,643,21:17:45
1622,454.0,453.5,i1801,453.5,104,21:17:44
1623,454.0,453.5,i1801,453.5,201,21:17:46
1624,454.0,453.5,i1801,453.5,605,21:17:46
1625,454.0,453.5,i1801,453.5,696,21:17:52
1626,454.0,453.5,i1801,453.5,709,21:17:53
1627,454.0,453.5,i1801,453.5,655,21:17:51
1628,454.0,453.5,i1801,453.5,159,21:17:55
1629,454.0,453.5,i1801,453.5,178,21:17:53
1630,454.0,453.5,i1801,453.5,197,21:17:56
1631,454.0,453.5,i1801,453.5,708,21:17:57
1632,454.0,453.5,i1801,453.5,149,21:17:57
1633,454.0,453.5,i1801,453.5,128,21:17:58
1634,454.0,453.5,i1801,453.5,170,21:17:59
1635,454.0,453.5,i1801,453.5,701,21:17:59
1636,454.0,453.5,i1801,453.5,704,21:18:00
1637,454.0,453.5,i1801,453.5,683,21:18:01
1638,454.0,453.5,i1801,453.5,634,21:18:03
1639,454.0,453.5,i1801,453.5,209,21:18:04
1640,454.0,453.5,i1801,453.5,204,21:18:06
1641,454.0,453.5,i1801,453.5,678,21:18:06
1642,454.0,453.5,i1801,454.0,702,21:18:08
1643,454.0,453.5,i1801,453.5,193,21:18:08
1644,454.0,453.5,i1801,453.5,661,21:18:07
1645,454.0,453.5,i1801,454.0,201,21:18:09
1646,454.0,453.5,i1801,454.0,604,21:18:09
1647,454.0,453.5,i1801,454.0,184,21:18:10
1648,454.0,453.5,i1801,454.0,674,21:18:10
1649,454.0,453.5,i1801,454.0,686,21:18:11
1650,454.0,453.5,i1801,454.0,177,21:18:11
1651,454.0,453.5,i1801,454.0,674,21:18:12
1652,454.0,453.5,i1801,454.0,462,21:18:13
1653,454.5,454.0,i1801,454.0,163,21:18:15
1654,454.0,453.5,i1801,454.0,678,21:18:17
1655,454.5,454.0,i1801,454.0,640,21:18:14
1656,454.0,453.5,i1801,454.0,182,21:18:18
1657,454.0,453.5,i1801,454.0,696,21:18:18
1658,454.0,453.5,i1801,454.0,148,21:18:19
1659,454.5,454.0,i1801,454.0,693,21:18:20
1660,454.0,453.5,i1801,454.0,669,21:18:19
1661,454.5,454.0,i1801,454.0,574,21:18:21
1662,454.5,453.5,i1801,454.0,204,21:18:20
1663,454.5,454.0,i1801,454.0,616,21:18:22
1664,454.5,454.0,i1801,454.0,188,21:18:23
1665,454.5,454.0,i1801,454.0,696,21:18:23
1666,454.5,454.0,i1801,454.0,173,21:18:24
1667,454.5,454.0,i1801,454.0,138,21:18:27
1668,454.5,454.0,i1801,454.0,108,21:18:28
1669,454.5,454.0,i1801,454.0,210,21:18:30
1670,454.5,454.0,i1801,454.0,198,21:18:31
1671,454.5,454.0,i1801,454.0,707,21:18:31
1672,454.5,454.0,i1801,454.0,697,21:18:33
1673,454.5,454.0,i1801,454.5,604,21:18:30
1674,454.5,454.0,i1801,454.0,512,21:18:36
1675,454.5,454.0,i1801,454.0,190,21:18:38
1676,454.5,454.0,i1801,454.0,662,21:18:37
1677,454.0,453.5,i1801,454.0,705,21:18:39
1678,454.5,454.0,i1801,453.5,683,21:18:40
1679,454.5,453.5,i1801,453.5,178,21:18:40
1680,454.5,454.0,i1801,454.0,12,21:18:39
1681,454.5,454.0,i1801,453.5,203,21:18:42
1682,454.5,454.0,i1801,453.5,153,21:18:43
1683,454.5,454.0,i1801,453.5,660,21:18:44
1684,454.5,454.0,i1801,453.5,676,21:18:43
1685,454.5,454.0,i1801,453.5,158,21:18:45
1686,454.5,454.0,i1801,454.5,79,21:18:47
1687,454.5,454.0,i1801,454.5,694,21:18:47
1688,454.5,454.0,i1801,453.5,651,21:18:46
1689,454.5,454.0,i1801,454.0,169,21:18:48
1690,454.5,453.5,i1801,454.0,710,21:18:48
1691,454.5,454.0,i1801,454.0,177,21:18:49
1692,454.5,454.0,i1801,454.0,626,21:18:49
1693,454.5,454.0,i1801,454.0,182,21:18:50
1694,454.5,454.0,i1801,454.0,610,21:18:51
1695,454.5,454.0,i1801,454.5,198,21:18:52
1696,454.5,453.5,i1801,454.0,597,21:18:50
1697,454.5,454.0,i1801,454.5,637,21:18:52
1698,454.5,454.0,i1801,454.5,701,21:18:54
1699,454.5,454.0,i1801,454.5,597,21:18:57
1700,454.5,454.0,i1801,454.5,189,21:18:53
1701,454.5,454.0,i1801,454.5,698,21:18:53
1702,454.5,454.0,i1801,454.5,119,21:18:58
1703,454.5,454.0,i1801,454.0,683,21:19:00
1704,454.5,454.0,i1801,454.0,509,21:18:58
1705,454.5,454.0,i1801,454.0,630,21:19:01
1706,454.5,454.0,i1801,454.0,661,21:19:02
1707,454.5,454.0,i1801,454.0,672,21:19:05
1708,454.5,454.0,i1801,454.0,150,21:19:02
1709,454.5,454.0,i1801,454.0,165,21:19:07
1710,454.5,454.0,i1801,454.0,560,21:19:07
1711,454.5,454.0,i1801,454.0,202,21:19:08
1712,454.5,454.0,i1801,454.5,691,21:19:08
1713,454.5,454.0,i1801,454.5,156,21:19:09
1714,454.0,453.5,i1801,454.0,207,21:19:11
1715,454.5,454.0,i1801,454.0,702,21:19:11
1716,454.5,454.0,i1801,454.0,206,21:19:12
1717,454.0,453.5,i1801,454.0,180,21:19:13
1718,454.0,453.5,i1801,454.0,685,21:19:13
1719,454.0,453.5,i1801,454.0,139,21:19:14
1720,454.0,453.5,i1801,454.0,569,21:19:14
1721,454.0,453.5,i1801,454.0,182,21:19:15
1722,454.0,453.5,i1801,454.0,655,21:19:17
1723,453.5,453.0,i1801,453.5,188,21:19:21
1724,454.0,453.5,i1801,453.5,144,21:19:20
1725,454.0,453.5,i1801,454.0,471,21:19:16
1726,453.5,453.0,i1801,453.5,671,21:19:21
1727,453.5,453.0,i1801,453.5,128,21:19:22
1728,453.5,453.0,i1801,453.5,683,21:19:22
1729,454.0,453.0,i1801,453.5,168,21:19:23
1730,454.0,453.0,i1801,453.5,638,21:19:23
1731,454.0,453.5,i1801,453.5,189,21:19:24
1732,454.0,453.5,i1801,453.5,690,21:19:24
1733,454.0,453.5,i1801,453.5,672,21:19:25
1734,454.0,453.5,i1801,453.5,202,21:19:25
1735,454.0,453.5,i1801,454.0,706,21:19:26
1736,454.0,453.5,i1801,454.0,193,21:19:27
1737,454.0,453.5,i1801,453.5,10,21:19:26
1738,454.0,453.5,i1801,454.0,663,21:19:27
1739,454.0,453.5,i1801,454.0,705,21:19:28
1740,454.0,453.5,i1801,453.5,167,21:19:29
1741,454.0,453.5,i1801,453.5,61,21:19:31
1742,454.0,453.5,i1801,454.0,172,21:19:28
1743,453.5,453.0,i1801,453.5,615,21:19:31
1744,453.5,453.0,i1801,453.5,179,21:19:32
1745,453.5,453.0,i1801,453.5,706,21:19:32
1746,453.5,453.0,i1801,453.5,63,21:19:33
1747,453.5,453.0,i1801,453.5,682,21:19:33
1748,453.5,453.0,i1801,453.5,210,21:19:34
1749,453.5,453.0,i1801,453.5,679,21:19:34
1750,453.5,453.0,i1801,453.5,199,21:19:35
1751,453.5,453.0,i1801,453.0,170,21:19:36
1752,453.5,453.0,i1801,453.0,692,21:19:36
1753,453.5,453.0,i1801,453.0,706,21:19:37
1754,453.5,453.0,i1801,453.0,146,21:19:39
1755,453.5,453.0,i1801,453.0,696,21:19:38
1756,453.5,453.0,i1801,453.0,709,21:19:40
1757,453.5,453.0,i1801,453.0,52,21:19:41
1758,453.5,453.0,i1801,453.0,702,21:19:39
1759,453.5,453.0,i1801,453.0,688,21:19:41
1760,453.5,453.0,i1801,453.0,210,21:19:42
1761,453.5,453.0,i1801,453.0,678,21:19:42
1762,453.5,453.0,i1801,453.0,634,21:19:43
1763,453.5,453.0,i1801,453.0,141,21:19:43
1764,453.5,453.0,i1801,453.0,114,21:19:44
1765,453.5,453.0,i1801,453.0,182,21:19:45
1766,453.5,453.0,i1801,453.5,193,21:19:46
1767,453.5,453.0,i1801,453.5,709,21:19:46
1768,453.5,453.0,i1801,453.5,676,21:19:47
1769,453.5,453.0,i1801,453.5,678,21:19:48
1770,453.5,453.0,i1801,453.0,200,21:19:49
1771,453.5,453.0,i1801,453.0,708,21:19:49
1772,453.5,453.0,i1801,453.0,656,21:19:54
1773,453.5,453.0,i1801,453.0,180,21:19:52
1774,453.5,453.0,i1801,453.0,625,21:19:52
1775,453.5,453.0,i1801,453.5,695,21:19:55
1776,453.5,453.0,i1801,453.0,142,21:19:54
1777,453.5,453.0,i1801,453.0,198,21:19:56
1778,453.5,453.0,i1801,453.0,699,21:19:56
1779,453.5,453.0,i1801,453.5,192,21:19:57
1780,453.0,452.5,i1801,453.0,131,21:19:59
1781,453.0,452.5,i1801,453.0,652,21:19:58
1782,453.0,452.5,i1801,453.0,206,21:20:00
1783,453.0,452.5,i1801,453.0,711,21:20:00
1784,453.0,452.5,i1801,452.5,143,21:20:05
1785,453.0,452.5,i1801,453.0,180,21:20:01
1786,453.0,452.5,i1801,452.5,705,21:20:03
1787,453.0,452.5,i1801,453.0,688,21:20:02
1788,453.0,452.5,i1801,452.5,170,21:20:04
1789,453.0,452.5,i1801,453.0,692,21:20:07
1790,453.0,452.5,i1801,452.5,698,21:20:05
1791,453.0,452.5,i1801,453.0,198,21:20:08
1792,453.0,452.5,i1801,453.0,671,21:20:08
1793,453.0,452.5,i1801,453.0,698,21:20:09
1794,453.5,453.0,i1801,453.0,687,21:20:11
1795,453.5,452.5,i1801,452.5,144,21:20:11
1796,453.0,452.5,i1801,452.5,696,21:20:10
1797,453.5,453.0,i1801,453.0,196,21:20:12
1798,453.5,453.0,i1801,453.0,184,21:20:13
1799,453.5,453.0,i1801,453.0,197,21:20:15
1800,453.5,453.0,i1801,453.0,708,21:20:14
1801,453.5,453.0,i1801,453.0,705,21:20:13
1802,453.0,452.5,i1801,452.5,189,21:20:16
1803,453.0,452.5,i1801,452.5,209,21:20:17
1804,453.0,452.5,i1801,453.0,648,21:20:15
1805,453.0,452.5,i1801,453.0,125,21:20:18
1806,453.0,452.5,i1801,453.0,665,21:20:18
1807,453.0,452.5,i1801,453.0,205,21:20:19
1808,453.5,453.0,i1801,453.0,169,21:20:20
1809,453.5,453.0,i1801,453.0,680,21:20:19
1810,453.5,453.0,i1801,453.0,657,21:20:20
1811,453.5,453.0,i1801,453.0,701,21:20:22
1812,453.5,453.0,i1801,453.5,706,21:20:23
1813,453.5,453.0,i1801,453.0,211,21:20:25
1814,453.5,453.0,i1801,453.0,659,21:20:24
1815,453.5,453.0,i1801,453.0,647,21:20:25
1816,453.5,453.0,i1801,453.0,708,21:20:26
1817,453.5,453.0,i1801,453.0,181,21:20:26
1818,453.5,453.0,i1801,453.0,198,21:20:27
1819,453.5,453.0,i1801,453.0,670,21:20:29
1820,453.5,453.0,i1801,453.0,690,21:20:30
1821,453.5,453.0,i1801,453.0,208,21:20:31
1822,453.5,453.0,i1801,453.0,180,21:20:33
1823,453.5,453.0,i1801,453.0,709,21:20:27
1824,453.5,453.0,i1801,453.5,178,21:20:34
1825,453.5,453.0,i1801,453.5,700,21:20:34
1826,453.5,453.0,i1801,453.5,197,21:20:35
1827,453.5,453.0,i1801,453.5,551,21:20:35
1828,453.5,453.0,i1801,453.5,116,21:20:36
1829,453.5,453.0,i1801,453.5,622,21:20:36
1830,453.5,453.0,i1801,453.5,176,21:20:37
1831,453.5,453.0,i1801,453.5,692,21:20:37
1832,453.5,453.0,i1801,453.5,176,21:20:38
1833,453.5,453.0,i1801,453.5,710,21:20:38
1834,453.5,453.0,i1801,453.5,162,21:20:39
1835,453.5,453.0,i1801,453.5,645,21:20:39
1836,453.5,453.0,i1801,453.5,702,21:20:40
1837,453.5,453.0,i1801,453.5,171,21:20:41
1838,453.5,453.0,i1801,453.5,703,21:20:41
1839,453.5,453.0,i1801,453.5,661,21:20:42
1840,453.5,453.0,i1801,453.5,209,21:20:42
1841,453.5,453.0,i1801,453.5,199,21:20:43
1842,453.5,453.0,i1801,453.5,679,21:20:43
1843,453.5,453.0,i1801,453.5,107,21:20:44
1844,453.5,453.0,i1801,453.5,677,21:20:44
1845,453.5,453.0,i1801,453.5,204,21:20:45
1846,454.0,453.5,i1801,453.5,699,21:20:45
1847,454.0,453.5,i1801,453.5,200,21:20:47
1848,454.0,453.5,i1801,454.0,688,21:20:48
1849,454.0,453.5,i1801,454.0,165,21:20:49
1850,454.0,453.5,i1801,454.0,513,21:20:49
1851,454.0,453.5,i1801,454.0,707,21:20:50
1852,454.0,453.5,i1801,454.0,701,21:20:51
1853,454.0,453.5,i1801,454.0,93,21:20:52
1854,454.0,453.5,i1801,454.0,171,21:20:51
1855,454.0,453.5,i1801,454.0,589,21:20:53
1856,454.0,453.5,i1801,454.0,174,21:20:54
1857,454.0,453.5,i1801,454.0,149,21:20:57
1858,454.0,453.5,i1801,454.0,710,21:20:54
1859,454.0,453.5,i1801,454.0,191,21:20:55
1860,454.0,453.5,i1801,454.0,705,21:20:57
1861,454.0,453.5,i1801,454.0,675,21:20:55
1862,454.0,453.5,i1801,454.0,152,21:20:58
1863,454.0,453.5,i1801,454.0,659,21:21:00
1864,454.0,453.5,i1801,454.0,85,21:21:03
1865,454.0,453.5,i1801,454.0,173,21:21:05
1866,454.0,453.5,i1801,453.5,705,21:21:07
1867,454.0,453.5,i1801,454.0,180,21:21:07
1868,454.0,453.5,i1801,454.0,654,21:21:10
1869,454.0,453.5,i1801,453.5,575,21:21:09
1870,454.0,453.5,i1801,454.0,203,21:21:11
1871,454.0,453.5,i1801,454.0,189,21:21:14
1872,454.0,453.5,i1801,454.0,209,21:21:13
1873,454.0,453.5,i1801,454.0,651,21:21:15
1874,454.0,453.5,i1801,454.0,690,21:21:20
1875,454.0,453.5,i1801,454.0,109,21:21:22
1876,454.0,453.5,i1801,454.0,569,21:21:21
1877,454.0,453.5,i1801,454.0,83,21:21:25
1878,454.0,453.5,i1801,454.0,670,21:21:25
1879,454.0,453.5,i1801,454.0,697,21:21:26
1880,454.0,453.5,i1801,453.5,989,21:21:26
1881,454.0,453.5,i1801,453.5,630,21:21:27
1882,453.5,453.0,i1801,453.5,33,21:21:30
1883,454.0,453.5,i1801,453.5,51,21:21:28
1884,453.5,453.0,i1801,453.5,633,21:21:30
1885,454.0,453.0,i1801,453.5,181,21:21:31
1886,453.5,453.0,i1801,453.5,204,21:21:32
1887,453.5,453.0,i1801,453.5,654,21:21:32
1888,454.0,453.0,i1801,453.5,663,21:21:31
1889,453.5,453.0,i1801,453.0,137,21:21:33
1890,453.5,453.0,i1801,453.0,198,21:21:34
1891,453.5,453.0,i1801,453.0,626,21:21:33
1892,453.5,453.0,i1801,453.5,209,21:21:36
1893,453.5,453.0,i1801,453.0,694,21:21:37
1894,453.5,453.0,i1801,453.0,116,21:21:37
1895,453.5,453.0,i1801,453.0,88,21:21:38
1896,453.5,453.0,i1801,453.5,689,21:21:38
1897,453.5,453.0,i1801,453.5,197,21:21:39
1898,453.5,453.0,i1801,453.5,692,21:21:40
1899,453.5,453.0,i1801,453.5,325,21:21:45
1900,453.5,453.0,i1801,453.0,195,21:21:48
1901,453.5,453.0,i1801,453.0,613,21:21:49
1902,453.5,453.0,i1801,453.0,166,21:21:50
1903,453.5,453.0,i1801,453.0,684,21:21:51
1904,453.5,453.0,i1801,453.0,194,21:21:53
1905,453.5,453.0,i1801,453.0,72,21:21:51
1906,453.5,453.0,i1801,453.0,406,21:21:53
1907,453.5,453.0,i1801,453.0,204,21:21:55
1908,453.5,453.0,i1801,453.5,678,21:21:55
1909,453.5,453.0,i1801,453.0,664,21:21:56
1910,453.5,453.0,i1801,453.0,966,21:21:59
1911,453.5,453.0,i1801,453.0,199,21:21:59
1912,453.5,453.0,i1801,453.0,156,21:21:57
1913,453.5,453.0,i1801,453.5,890,21:22:00
1914,453.5,453.0,i1801,453.0,515,21:22:00
1915,453.5,453.0,i1801,453.0,604,21:22:01
1916,453.5,453.0,i1801,453.0,159,21:22:05
1917,453.5,453.0,i1801,453.0,634,21:22:04
1918,453.5,453.0,i1801,453.5,144,21:22:06
1919,453.5,453.0,i1801,453.5,552,21:22:05
1920,453.5,453.0,i1801,453.5,6,21:22:07
1921,453.5,453.0,i1801,453.0,175,21:22:08
1922,453.5,453.0,i1801,453.0,706,21:22:08
1923,453.5,453.0,i1801,453.0,157,21:22:12
1924,453.5,453.0,i1801,453.0,629,21:22:11
1925,453.5,453.0,i1801,453.0,522,21:22:14
1926,453.5,453.0,i1801,453.0,166,21:22:15
1927,453.5,453.0,i1801,453.0,209,21:22:18
1928,453.5,453.0,i1801,453.0,372,21:22:18
1929,453.5,453.0,i1801,453.0,732,21:22:18
1930,453.5,453.0,i1801,453.0,696,21:22:19
1931,453.5,453.0,i1801,453.5,206,21:22:20
1932,453.5,453.0,i1801,453.5,647,21:22:20
1933,453.5,453.0,i1801,453.5,202,21:22:21
1934,453.5,453.0,i1801,453.5,112,21:22:22
1935,453.5,453.0,i1801,453.5,699,21:22:21
1936,453.5,453.0,i1801,453.5,642,21:22:22
1937,453.5,453.0,i1801,453.5,177,21:22:23
1938,453.5,453.0,i1801,453.5,635,21:22:23
1939,453.5,453.0,i1801,453.5,171,21:22:24
1940,453.5,453.0,i1801,453.5,529,21:22:24
1941,453.5,453.0,i1801,453.5,435,21:22:26
1942,453.5,453.0,i1801,453.5,697,21:22:28
1943,453.5,453.0,i1801,453.5,664,21:22:27
1944,453.5,453.0,i1801,453.0,151,21:22:29
1945,453.5,453.0,i1801,453.0,633,21:22:29
1946,453.5,453.0,i1801,453.0,184,21:22:30
1947,453.5,453.0,i1801,453.0,39,21:22:31
1948,453.5,453.0,i1801,453.0,707,21:22:30
1949,453.5,453.0,i1801,453.0,401,21:22:31
1950,453.5,453.0,i1801,453.0,165,21:22:32
1951,453.5,453.0,i1801,453.0,688,21:22:32
1952,453.5,453.0,i1801,453.0,678,21:22:33
1953,453.5,453.0,i1801,453.0,701,21:22:35
1954,453.5,453.0,i1801,453.0,101,21:22:36
1955,453.5,453.0,i1801,453.0,185,21:22:39
1956,453.5,453.0,i1801,453.0,208,21:22:35
1957,453.5,453.0,i1801,453.0,99,21:22:40
1958,453.5,453.0,i1801,453.0,646,21:22:40
1959,453.5,453.0,i1801,453.0,649,21:22:42
1960,453.5,453.0,i1801,453.0,182,21:22:47
1961,453.5,453.0,i1801,453.0,692,21:22:43
1962,453.5,453.0,i1801,453.5,59,21:22:49
1963,453.5,453.0,i1801,453.5,697,21:22:47
1964,453.0,452.5,i1801,453.0,202,21:22:51
1965,453.0,452.5,i1801,453.0,191,21:22:57
1966,453.0,452.5,i1801,452.5,676,21:22:55
1967,453.0,452.5,i1801,453.0,624,21:22:58
1968,453.0,452.5,i1801,452.5,159,21:22:59
1969,453.5,453.0,i1801,453.0,671,21:23:10
1970,453.5,453.0,i1801,453.0,206,21:23:11
1971,453.5,453.0,i1801,453.0,704,21:23:11
1972,453.0,452.5,i1801,453.0,24,21:22:55
1973,453.5,453.0,i1801,453.0,615,21:23:06
1974,453.5,453.0,i1801,453.0,190,21:23:06
1975,453.0,452.5,i1801,453.0,210,21:23:01
1976,453.5,453.0,i1801,453.0,86,21:23:09
1977,453.0,452.5,i1801,453.0,705,21:22:51
1978,453.5,453.0,i1801,453.0,701,21:23:08
1979,453.5,452.5,i1801,453.0,703,21:23:02
1980,453.5,453.0,i1801,453.0,200,21:23:08
1981,453.5,453.0,i1801,453.0,196,21:23:10
1982,453.5,453.0,i1801,453.0,668,21:23:05
1983,453.5,453.0,i1801,453.0,191,21:23:07
1984,453.5,453.0,i1801,453.0,653,21:23:09
1985,453.5,452.5,i1801,453.0,177,21:23:04
1986,453.5,453.0,i1801,453.0,642,21:23:13
1987,453.5,453.0,i1801,453.0,205,21:23:14
1988,453.5,453.0,i1801,453.0,693,21:23:14
1989,453.5,453.0,i1801,453.0,176,21:23:13
1990,453.5,453.0,i1801,453.0,874,21:23:14
1991,453.5,453.0,i1801,453.0,657,21:23:15
1992,453.5,453.0,i1801,453.0,646,21:23:16
1993,453.5,453.0,i1801,453.0,175,21:23:16
1994,453.5,453.0,i1801,453.0,208,21:23:17
1995,453.5,453.0,i1801,453.0,640,21:23:18
1996,453.5,453.0,i1801,453.0,675,21:23:17
1997,453.5,453.0,i1801,453.0,149,21:23:18
1998,453.5,453.0,i1801,453.0,710,21:23:19
1999,453.5,453.0,i1801,453.0,166,21:23:20
2000,453.5,453.0,i1801,453.0,703,21:23:20
2001,453.5,453.0,i1801,453.0,206,21:23:22
2002,453.5,453.0,i1801,453.0,685,21:23:22
2003,453.5,453.0,i1801,453.0,652,21:23:23
2004,453.5,453.0,i1801,453.0,81,21:23:23
2005,454.0,453.5,i1801,453.5,201,21:23:30
2006,453.5,453.0,i1801,453.0,186,21:23:29
2007,453.5,453.0,i1801,453.0,671,21:23:25
2008,454.0,453.5,i1801,453.5,641,21:23:29
2009,454.0,453.5,i1801,453.5,599,21:23:31
2010,454.0,453.5,i1801,453.5,20,21:23:31
2011,454.0,453.0,i1801,453.5,147,21:23:33
2012,453.5,453.0,i1801,453.5,139,21:23:34
2013,453.5,453.0,i1801,453.5,671,21:23:34
2014,453.5,453.0,i1801,453.5,191,21:23:35
2015,453.5,453.0,i1801,453.5,684,21:23:35
2016,453.5,453.0,i1801,453.5,593,21:23:33
2017,453.5,453.0,i1801,453.5,168,21:23:36
2018,453.5,453.0,i1801,453.5,52,21:23:37
2019,453.5,453.0,i1801,453.5,660,21:23:36
2020,453.5,453.0,i1801,453.5,647,21:23:37
2021,453.5,453.0,i1801,453.5,98,21:23:38
2022,453.5,453.0,i1801,453.5,707,21:23:38
2023,453.5,453.0,i1801,453.5,147,21:23:39
2024,453.5,453.0,i1801,453.5,602,21:23:39
2025,453.5,453.0,i1801,453.5,186,21:23:40
2026,453.5,453.0,i1801,453.5,437,21:23:40
2027,453.5,453.0,i1801,453.5,686,21:23:41
2028,453.5,453.0,i1801,453.5,123,21:23:44
2029,453.5,453.0,i1801,453.5,69,21:23:45
2030,453.5,453.0,i1801,453.5,712,21:23:45
2031,453.5,453.0,i1801,453.5,191,21:23:47
2032,453.5,453.0,i1801,453.5,558,21:23:47
2033,453.5,453.0,i1801,453.5,201,21:23:48
2034,453.5,453.0,i1801,453.0,197,21:23:50
2035,453.5,453.0,i1801,453.5,123,21:23:49
2036,453.5,453.0,i1801,453.0,711,21:23:50
2037,453.5,453.0,i1801,453.5,686,21:23:48
2038,453.5,453.0,i1801,453.0,655,21:23:49
2039,453.5,453.0,i1801,453.0,208,21:23:51
2040,453.5,453.0,i1801,453.0,38,21:23:52
2041,453.5,453.0,i1801,453.0,203,21:23:54
2042,453.5,453.0,i1801,453.0,706,21:23:51
2043,453.5,453.0,i1801,453.0,128,21:23:55
2044,453.5,453.0,i1801,453.0,615,21:23:55
2045,453.5,453.0,i1801,453.0,130,21:23:56
2046,453.5,453.0,i1801,453.0,644,21:23:54
2047,453.5,453.0,i1801,453.5,663,21:23:56
2048,453.5,453.0,i1801,453.5,204,21:23:58
2049,453.5,453.0,i1801,453.5,167,21:23:59
2050,453.5,453.0,i1801,453.5,662,21:23:58
2051,453.5,453.0,i1801,453.5,210,21:23:57
2052,453.5,453.0,i1801,453.5,174,21:24:00
2053,453.5,453.0,i1801,453.5,680,21:24:00
2054,453.5,453.0,i1801,453.5,685,21:23:59
2055,453.5,453.0,i1801,453.5,157,21:24:01
2056,453.5,453.0,i1801,453.5,203,21:24:02
2057,453.5,453.0,i1801,453.5,677,21:24:01
2058,453.5,453.0,i1801,453.5,610,21:24:02
2059,453.5,453.0,i1801,453.5,59,21:24:03
2060,453.5,453.0,i1801,453.5,637,21:24:05
2061,453.5,453.0,i1801,453.5,9,21:24:06
2062,453.5,453.0,i1801,453.5,646,21:24:06
2063,453.5,453.0,i1801,453.5,101,21:24:07
2064,453.5,453.0,i1801,453.5,508,21:24:07
2065,453.5,453.0,i1801,453.5,98,21:24:09
2066,453.5,453.0,i1801,453.5,797,21:24:07
2067,453.5,453.0,i1801,453.5,697,21:24:08
2068,453.5,453.0,i1801,453.5,666,21:24:09
2069,453.5,453.0,i1801,453.5,655,21:24:10
2070,453.5,453.0,i1801,453.5,632,21:24:11
2071,453.5,453.0,i1801,453.5,136,21:24:10
2072,453.5,453.0,i1801,453.5,131,21:24:11
2073,453.5,453.0,i1801,453.5,667,21:24:12
2074,453.5,453.0,i1801,453.5,596,21:24:13
2075,453.5,453.0,i1801,453.5,205,21:24:12
2076,453.5,453.0,i1801,453.5,209,21:24:13
2077,453.5,453.0,i1801,453.5,194,21:24:14
2078,453.5,453.0,i1801,453.0,668,21:24:15
2079,453.5,453.0,i1801,453.5,173,21:24:15
2080,453.5,453.0,i1801,453.5,643,21:24:14
2081,453.5,453.0,i1801,453.0,113,21:24:16
2082,453.5,453.0,i1801,453.0,667,21:24:17
2083,453.5,453.0,i1801,453.0,606,21:24:16
2084,453.5,453.0,i1801,453.0,185,21:24:17
2085,453.5,453.0,i1801,453.0,38,21:24:18
2086,453.5,453.0,i1801,453.0,706,21:24:18
2087,453.5,453.0,i1801,453.0,359,21:24:19
2088,453.5,453.0,i1801,453.0,172,21:24:20
2089,453.5,453.0,i1801,453.0,182,21:24:19
2090,453.5,453.0,i1801,453.0,547,21:24:20
2091,453.5,453.0,i1801,453.0,708,21:24:21
2092,453.5,453.0,i1801,453.0,159,21:24:21
2093,453.5,453.0,i1801,453.0,920,21:24:21
2094,453.5,453.0,i1801,453.0,992,21:24:23
2095,453.5,453.0,i1801,453.0,548,21:24:22
2096,453.5,453.0,i1801,453.0,168,21:24:23
2097,453.5,453.0,i1801,453.0,642,21:24:24
2098,453.5,453.0,i1801,453.0,133,21:24:26
2099,453.5,453.0,i1801,453.0,701,21:24:26
2100,453.5,453.0,i1801,453.0,400,21:24:25
2101,453.5,453.0,i1801,453.0,131,21:24:25
2102,453.5,453.0,i1801,453.0,192,21:24:27
2103,453.5,453.0,i1801,453.0,694,21:24:27
2104,453.5,453.0,i1801,453.0,155,21:24:28
2105,453.5,453.0,i1801,453.0,689,21:24:29
2106,453.5,453.0,i1801,453.0,174,21:24:30
2107,453.0,452.5,i1801,453.0,693,21:24:30
2108,453.0,452.5,i1801,453.0,210,21:24:31
2109,453.5,452.5,i1801,453.0,200,21:24:36
2110,453.5,452.5,i1801,453.0,665,21:24:35
2111,453.0,452.5,i1801,453.0,711,21:24:34
2112,453.0,452.5,i1801,453.0,664,21:24:33
2113,453.0,452.5,i1801,453.0,695,21:24:31
2114,453.0,452.5,i1801,453.0,172,21:24:33
2115,453.0,452.5,i1801,453.0,154,21:24:35
2116,453.5,452.5,i1801,453.0,707,21:24:36
2117,453.5,453.0,i1801,453.0,25,21:24:37
2118,453.5,453.0,i1801,453.0,145,21:24:38
2119,453.5,453.0,i1801,453.0,638,21:24:39
2120,453.5,453.0,i1801,453.0,702,21:24:38
2121,453.0,452.5,i1801,453.0,709,21:24:40
2122,453.0,452.5,i1801,453.0,159,21:24:41
2123,453.0,452.5,i1801,453.0,597,21:24:43
2124,453.0,452.5,i1801,453.0,689,21:24:44
2125,453.0,452.5,i1801,453.0,679,21:24:41
2126,453.0,452.5,i1801,453.0,184,21:24:42
2127,453.0,452.5,i1801,453.0,695,21:24:45
2128,453.5,452.5,i1801,453.0,200,21:24:46
2129,453.0,452.5,i1801,453.0,673,21:24:46
2130,453.0,452.5,i1801,453.0,174,21:24:47
2131,453.5,452.5,i1801,453.0,132,21:24:48
2132,453.0,452.5,i1801,453.0,695,21:24:47
2133,453.0,452.5,i1801,453.0,211,21:24:50
2134,453.5,453.0,i1801,453.0,709,21:24:48
2135,453.0,452.5,i1801,453.0,653,21:24:49
2136,453.0,452.5,i1801,453.0,712,21:24:51
2137,453.0,452.5,i1801,452.5,552,21:24:53
2138,453.0,452.5,i1801,452.5,178,21:24:55
2139,453.0,452.5,i1801,453.0,92,21:24:51
2140,453.0,452.5,i1801,452.5,114,21:24:53
2141,453.0,452.5,i1801,453.0,203,21:24:56
2142,453.0,452.5,i1801,453.0,704,21:24:55
2143,453.0,452.5,i1801,453.0,598,21:24:57
2144,453.0,452.5,i1801,453.0,168,21:24:57
2145,453.0,452.5,i1801,452.5,182,21:24:59
2146,453.0,452.5,i1801,452.5,705,21:24:59
2147,453.0,452.5,i1801,453.0,129,21:24:58
2148,453.0,452.5,i1801,452.5,698,21:25:00
2149,453.0,452.5,i1801,453.0,690,21:25:01
2150,453.0,452.5,i1801,452.5,211,21:25:02
2151,453.0,452.5,i1801,452.5,691,21:25:05
2152,453.0,452.5,i1801,452.5,160,21:25:03
2153,453.0,452.5,i1801,452.5,659,21:25:04
2154,452.5,452.0,i1801,452.0,696,21:25:06
2155,452.5,452.0,i1801,452.5,199,21:25:06
2156,452.5,452.0,i1801,452.0,691,21:25:07
2157,452.5,452.0,i1801,452.0,191,21:25:08
2158,452.5,452.0,i1801,452.0,198,21:25:07
2159,452.5,452.0,i1801,452.0,712,21:25:08
2160,453.0,452.5,i1801,452.5,198,21:25:09
2161,453.0,452.0,i1801,452.5,548,21:25:09
2162,453.0,452.5,i1801,452.5,209,21:25:10
2163,452.5,452.0,i1801,452.5,691,21:25:10
2164,452.5,452.0,i1801,452.0,198,21:25:11
2165,452.5,452.0,i1801,452.0,604,21:25:11
2166,452.5,452.0,i1801,452.0,183,21:25:12
2167,452.5,452.0,i1801,452.5,709,21:25:13
2168,452.5,452.0,i1801,452.5,201,21:25:14
2169,452.5,452.0,i1801,452.0,684,21:25:12
2170,452.5,452.0,i1801,452.0,155,21:25:13
2171,452.5,452.0,i1801,452.0,632,21:25:14
2172,452.5,452.0,i1801,452.0,174,21:25:15
2173,452.5,452.0,i1801,452.0,688,21:25:15
2174,452.5,452.0,i1801,452.5,195,21:25:16
2175,452.5,452.0,i1801,452.5,688,21:25:18
2176,453.0,452.5,i1801,452.5,702,21:25:19
2177,452.5,452.0,i1801,452.5,554,21:25:17
2178,453.0,452.5,i1801,452.5,702,21:25:20
2179,453.0,452.5,i1801,452.5,711,21:25:21
2180,453.0,452.5,i1801,452.5,170,21:25:20
2181,453.0,452.5,i1801,452.5,519,21:25:22
2182,453.0,452.5,i1801,452.5,708,21:25:24
2183,453.0,452.5,i1801,452.5,708,21:25:23
2184,453.0,452.5,i1801,452.5,192,21:25:25
2185,453.0,452.5,i1801,452.5,658,21:25:26
2186,453.0,452.5,i1801,452.5,159,21:25:28
2187,453.0,452.5,i1801,452.5,177,21:25:27
2188,453.0,452.5,i1801,452.5,695,21:25:28
2189,453.0,452.5,i1801,452.5,628,21:25:30
2190,453.0,452.5,i1801,452.5,169,21:25:29
2191,453.0,452.5,i1801,452.5,176,21:25:31
2192,453.0,452.5,i1801,452.5,682,21:25:31
2193,453.0,452.5,i1801,452.5,195,21:25:32
2194,453.0,452.5,i1801,452.5,709,21:25:32
2195,453.0,452.5,i1801,452.5,212,21:25:33
2196,453.0,452.5,i1801,452.5,190,21:25:35
2197,453.0,452.5,i1801,452.5,208,21:25:36
2198,453.0,452.5,i1801,452.5,430,21:25:36
2199,453.0,452.5,i1801,452.5,141,21:25:38
2200,452.5,452.0,i1801,452.5,629,21:25:39
2201,453.0,452.5,i1801,452.5,209,21:25:40
2202,453.0,452.5,i1801,452.5,712,21:25:40
2203,453.0,452.5,i1801,452.5,213,21:25:42
2204,453.0,452.5,i1801,452.5,681,21:25:42
2205,453.0,452.5,i1801,452.5,195,21:25:43
2206,453.0,452.5,i1801,452.5,194,21:25:44
2207,452.5,452.0,i1801,452.5,690,21:25:44
2208,453.0,452.5,i1801,452.5,204,21:25:45
2209,453.0,452.5,i1801,452.5,705,21:25:46
2210,453.0,452.5,i1801,452.5,211,21:25:47
2211,453.0,452.5,i1801,453.0,682,21:25:45
2212,453.0,452.5,i1801,452.5,162,21:25:48
2213,453.0,452.5,i1801,452.5,655,21:25:51
2214,453.0,452.5,i1801,452.5,183,21:25:50
2215,453.0,452.5,i1801,452.5,683,21:25:50
2216,453.0,452.5,i1801,452.5,211,21:25:51
2217,453.0,452.5,i1801,452.5,651,21:25:52
2218,453.0,452.5,i1801,452.5,959,21:25:52
2219,453.0,452.5,i1801,452.5,573,21:25:53
2220,453.0,452.5,i1801,452.5,200,21:25:52
2221,453.0,452.5,i1801,452.5,697,21:25:55
2222,453.0,452.5,i1801,452.5,711,21:25:54
2223,453.0,452.5,i1801,452.5,161,21:25:56
2224,453.0,452.5,i1801,452.5,681,21:25:57
2225,453.0,452.5,i1801,452.5,638,21:25:59
2226,453.5,453.0,i1801,453.0,615,21:26:04
2227,453.5,453.0,i1801,453.0,132,21:26:05
2228,453.0,452.5,i1801,452.5,92,21:26:04
2229,453.5,452.5,i1801,453.0,660,21:26:05
2230,453.5,452.5,i1801,453.0,709,21:26:06
2231,453.5,452.5,i1801,453.0,159,21:26:06
2232,453.5,452.5,i1801,453.0,209,21:26:07
2233,453.5,452.5,i1801,453.0,209,21:26:08
2234,453.5,452.5,i1801,453.0,710,21:26:07
2235,453.5,452.5,i1801,453.0,709,21:26:08
2236,453.5,452.5,i1801,453.0,209,21:26:09
2237,453.5,453.0,i1801,453.0,709,21:26:13
2238,453.5,453.0,i1801,453.0,143,21:26:15
2239,453.5,453.0,i1801,453.0,662,21:26:16
2240,453.5,453.0,i1801,453.0,205,21:26:14
2241,453.5,453.0,i1801,453.0,209,21:26:16
2242,453.5,453.0,i1801,453.0,208,21:26:17
2243,453.5,453.0,i1801,453.0,157,21:26:23
2244,453.5,453.0,i1801,453.0,202,21:26:22
2245,453.5,453.0,i1801,453.0,708,21:26:20
2246,453.5,453.0,i1801,453.5,701,21:26:26
2247,453.5,453.0,i1801,453.5,70,21:26:24
2248,453.5,453.0,i1801,453.5,693,21:26:28
2249,453.5,453.0,i1801,453.5,128,21:26:25
2250,453.5,453.0,i1801,453.5,682,21:26:24
2251,453.5,453.0,i1801,453.0,692,21:26:23
2252,453.5,453.0,i1801,453.5,166,21:26:26
2253,453.5,453.0,i1801,453.5,638,21:26:25
2254,453.5,453.0,i1801,453.5,592,21:26:38
2255,453.5,453.0,i1801,453.5,113,21:26:29
2256,454.0,453.5,i1801,453.5,149,21:26:39
2257,453.5,453.0,i1801,453.5,86,21:26:38
2258,454.0,453.5,i1801,453.5,653,21:26:39
2259,453.5,453.0,i1801,453.5,638,21:26:30
2260,453.5,453.0,i1801,453.5,685,21:26:37
2261,454.0,453.5,i1801,453.5,665,21:26:40
2262,454.0,453.5,i1801,453.5,171,21:26:42
2263,454.0,453.5,i1801,454.0,141,21:26:44
2264,454.0,453.5,i1801,454.0,693,21:26:44
2265,454.0,453.5,i1801,453.5,501,21:26:42
2266,454.0,453.5,i1801,454.0,694,21:26:45
2267,454.0,453.5,i1801,454.0,201,21:26:45
2268,454.0,453.5,i1801,454.0,202,21:26:46
2269,454.0,453.5,i1801,454.0,708,21:26:46
2270,454.0,453.5,i1801,454.0,693,21:26:48
2271,454.0,453.5,i1801,454.0,703,21:26:49
2272,454.0,453.5,i1801,454.0,708,21:26:50
2273,454.0,453.5,i1801,454.0,135,21:26:50
2274,454.0,453.5,i1801,454.0,786,21:26:50
2275,454.0,453.5,i1801,454.0,136,21:26:52
2276,454.0,453.5,i1801,454.0,663,21:26:51
2277,454.0,453.5,i1801,454.0,685,21:26:59
2278,454.0,453.5,i1801,454.0,211,21:27:00
2279,454.0,453.5,i1801,454.0,662,21:27:00
2280,454.0,453.5,i1801,453.5,509,21:27:08
2281,454.0,453.5,i1801,453.5,670,21:27:04
2282,454.0,453.5,i1801,453.5,174,21:27:09
2283,454.0,453.5,i1801,453.5,556,21:27:09
2284,454.0,453.5,i1801,453.5,214,21:27:10
2285,454.0,453.5,i1801,453.5,683,21:27:10
2286,454.0,453.5,i1801,454.0,542,21:27:11
2287,454.0,453.5,i1801,454.0,193,21:27:12
2288,454.0,453.5,i1801,454.0,179,21:27:11
2289,454.0,453.5,i1801,454.0,698,21:27:12
2290,454.0,453.5,i1801,454.0,183,21:27:13
2291,454.0,453.5,i1801,454.0,666,21:27:13
2292,454.0,453.5,i1801,454.0,675,21:27:14
2293,454.0,453.5,i1801,454.0,197,21:27:15
2294,454.0,453.5,i1801,454.0,648,21:27:15
2295,454.0,453.5,i1801,454.0,673,21:27:16
2296,454.0,453.5,i1801,454.0,183,21:27:17
2297,454.0,453.5,i1801,454.0,934,21:27:18
2298,454.0,453.5,i1801,454.0,139,21:27:18
2299,454.0,453.5,i1801,454.0,155,21:27:21
2300,454.5,454.0,i1801,454.0,207,21:27:22
2301,454.5,454.0,i1801,454.0,693,21:27:23
2302,454.5,454.0,i1801,454.0,149,21:27:23
2303,454.5,454.0,i1801,454.0,678,21:27:25
2304,454.5,454.0,i1801,454.0,690,21:27:22
2305,454.5,454.0,i1801,454.0,82,21:27:27
2306,454.5,454.0,i1801,454.0,144,21:27:28
2307,454.5,454.0,i1801,454.0,523,21:27:26
2308,454.5,454.0,i1801,454.0,697,21:27:29
2309,454.5,454.0,i1801,454.0,176,21:27:32
2310,454.5,453.5,i1801,454.0,678,21:27:32
2311,454.5,453.5,i1801,454.0,209,21:27:33
2312,454.0,453.5,i1801,454.0,587,21:27:38
2313,454.0,453.5,i1801,454.0,711,21:27:37
2314,454.0,453.5,i1801,454.0,708,21:27:33
2315,454.0,453.5,i1801,454.0,679,21:27:39
2316,454.0,453.5,i1801,454.0,152,21:27:39
2317,454.0,453.5,i1801,454.0,95,21:27:40
2318,454.0,453.5,i1801,454.0,693,21:27:40
2319,454.0,453.5,i1801,454.0,128,21:27:41
2320,454.0,453.5,i1801,454.0,144,21:27:42
2321,454.0,453.5,i1801,454.0,640,21:27:41
2322,454.0,453.5,i1801,454.0,55,21:27:43
2323,454.0,453.5,i1801,454.0,183,21:27:44
2324,454.0,453.5,i1801,454.0,640,21:27:43
2325,454.0,453.5,i1801,453.5,509,21:27:45
2326,454.0,453.5,i1801,453.5,694,21:27:44
2327,454.0,453.5,i1801,453.5,148,21:27:45
2328,454.0,453.5,i1801,454.0,512,21:27:42
2329,454.0,453.5,i1801,453.5,138,21:27:46
2330,454.0,453.5,i1801,454.0,665,21:27:48
2331,454.0,453.5,i1801,453.5,667,21:27:46
2332,454.0,453.5,i1801,454.0,706,21:27:50
2333,454.0,453.5,i1801,453.5,895,21:27:50
2334,454.0,453.5,i1801,453.5,624,21:27:51
2335,454.0,453.5,i1801,453.5,689,21:27:56
2336,454.0,453.5,i1801,453.5,131,21:28:00
2337,454.0,453.5,i1801,453.5,668,21:28:00
2338,454.0,453.5,i1801,453.5,157,21:27:56
2339,454.0,453.5,i1801,453.5,184,21:28:01
2340,454.0,453.5,i1801,453.5,26,21:28:02
2341,454.0,453.5,i1801,453.5,632,21:28:08
2342,454.0,453.5,i1801,453.5,423,21:28:06
2343,454.0,453.5,i1801,453.5,664,21:28:01
2344,454.0,453.5,i1801,453.5,147,21:28:11
2345,454.0,453.5,i1801,453.5,153,21:28:09
2346,454.0,453.5,i1801,453.5,658,21:28:13
2347,454.0,453.5,i1801,453.5,18,21:28:22
2348,454.0,453.5,i1801,453.5,186,21:28:14
2349,454.0,453.5,i1801,453.5,203,21:28:19
2350,454.0,453.5,i1801,453.5,138,21:28:25
2351,454.0,453.5,i1801,453.5,188,21:28:20
2352,454.0,453.5,i1801,453.5,677,21:28:25
2353,454.0,453.5,i1801,453.5,669,21:28:24
2354,454.0,453.5,i1801,453.5,119,21:28:33
2355,454.0,453.5,i1801,453.5,203,21:28:29
2356,454.0,453.5,i1801,453.5,689,21:28:31
2357,454.0,453.5,i1801,453.5,674,21:28:34
2358,454.0,453.5,i1801,453.5,714,21:28:35
2359,454.0,453.5,i1801,453.5,67,21:28:39
2360,454.0,453.5,i1801,454.0,689,21:28:39
2361,454.0,453.5,i1801,453.5,564,21:28:37
2362,454.0,453.5,i1801,454.0,9,21:28:40
2363,454.0,453.5,i1801,454.0,162,21:28:43
2364,454.0,453.5,i1801,454.0,657,21:28:40
2365,454.0,453.5,i1801,454.0,684,21:28:43
2366,454.0,453.5,i1801,454.0,604,21:28:41
2367,454.0,453.5,i1801,454.0,87,21:28:41
2368,454.0,453.5,i1801,454.0,604,21:28:42
2369,454.0,453.5,i1801,454.0,174,21:28:42
2370,454.0,453.5,i1801,454.0,105,21:28:44
2371,454.0,453.5,i1801,454.0,697,21:28:44
2372,454.0,453.5,i1801,454.0,214,21:28:45
2373,454.0,453.5,i1801,453.5,711,21:28:45
2374,454.0,453.5,i1801,453.5,728,21:28:45
2375,454.0,453.5,i1801,453.5,521,21:28:46
2376,454.0,453.5,i1801,453.5,181,21:28:47
2377,454.0,453.5,i1801,453.5,712,21:28:47
2378,454.0,453.5,i1801,453.5,695,21:28:48
2379,454.0,453.5,i1801,454.0,710,21:28:49
2380,454.0,453.5,i1801,454.0,212,21:28:49
2381,454.0,453.5,i1801,454.0,83,21:28:50
2382,454.0,453.5,i1801,454.0,654,21:28:50
2383,454.0,453.5,i1801,454.0,212,21:28:51
2384,454.0,453.5,i1801,454.0,654,21:28:51
2385,454.0,453.5,i1801,454.0,149,21:28:52
2386,454.0,453.5,i1801,454.0,657,21:28:52
2387,454.0,453.5,i1801,454.0,185,21:28:53
2388,454.0,453.5,i1801,454.0,608,21:28:53
2389,454.0,453.5,i1801,454.0,157,21:28:54
2390,454.0,453.5,i1801,454.0,584,21:28:54
2391,454.0,453.5,i1801,454.0,192,21:28:55
2392,454.0,453.5,i1801,454.0,655,21:28:58
2393,454.0,453.5,i1801,454.0,660,21:28:59
2394,454.0,453.5,i1801,454.0,703,21:29:03
2395,454.0,453.5,i1801,454.0,693,21:29:02
2396,454.0,453.5,i1801,454.0,705,21:29:06
2397,454.0,453.5,i1801,454.0,111,21:29:11
2398,454.0,453.5,i1801,454.0,624,21:29:05
2399,454.0,453.5,i1801,454.0,208,21:29:13
2400,454.0,453.5,i1801,454.0,614,21:29:15
2401,454.0,453.5,i1801,454.0,661,21:29:20
2402,454.0,453.5,i1801,454.0,161,21:29:22
2403,454.0,453.5,i1801,454.0,543,21:29:23
2404,454.0,453.5,i1801,454.0,202,21:29:25
2405,454.0,453.5,i1801,454.0,682,21:29:24
2406,454.0,453.5,i1801,454.0,412,21:29:30
